1956 3608
152 205 209 270 156
369 216 475 266 antam
495 215 703 265 consessum

150 311 301 387 sodomia,
315 321 366 372 aut
375 315 500 374 incestus
511 310 659 390 (intellige
668 302 929 389 effectivi-hado&

149 409 211 467 terii
225 417 275 466 aut
296 404 441 483 sacrilegii.
465 409 538 468 lteru
560 409 732 484 interroget,
750 394 809 485 quo
825 404 887 467 loco
898 414 928 467 et

150 507 275 579 tempore
285 497 340 558 hoc
354 503 557 561 commercium
571 497 703 559 habuerit
717 496 729 556 l
744 494 890 559 Ostendet·
899 499 929 565 ei

148 602 245 673 postea
260 591 427 668 hujusmodi
446 596 573 655 criminis
586 594 820 667 humanitatem,
840 599 928 671 quse*⁸

148 696 249 766 ratque
259 705 326 747 eum
341 686 475 748 inducere
489 687 527 749 ad
543 688 885 760 veram'conversio'nem,
896 693 927 746 et·

148 781 355 844 confessionem
366 785 506 859 integram-
516 781 697 851 faciendam
713 782 758 840 isti
769 782 849 839 enim
863 786 926 861 per'-

149 874 202 936 diti
213 875 362 951 homiues,
378 881 489 937 etiamsi
502 877 715 949 confiteantur,
726 873 762 934 de
772 874 848 935 facili
859 882 926 955 'pec-

148 979 210 1032 cara
224 972 370 1029 omittunt.
388 968 496 1029 Eadem
506 967 623 1029 demum
639 965 762 1027 remedia
772 985 860 1044 supra
871 965 926 1027 atl-

140 1073 244 1161 uotata
258 1061 300 1120 illi
312 1065 485 1140 praescribnt,
500 1081 605 1141 nempe
613 1060 691 1141 quod
699 1059 818 1142 sospem
826 1062 924 1141 Deum

148 1163 176 1213 et
190 1153 224 1213 B.
236 1154 385 1231 Virginem
394 1162 517 1214 recurrat
532 1172 539 1223 ;
554 1152 843 1231 frequenternomiua
853 1154 923 1214 le'su

147 1257 176 1308 et
190 1249 292 1308 Maria
307 1250 421 1308 invocet
440 1269 448 1319 3
473 1266 579 1326 aquarn
599 1246 765 1322 lustralem,
785 1256 813 1306 et
831 1250 928 1309 crucis·

148 1345 262 1419 signum
273 1341 426 1411 adhibeat,
440 1341 567 1421 aliquam
583 1341 748 1418 reliquium,
762 1350 791 1400 et
801 1359 924 1419 evange·

148 1438 218 1499 lium
234 1457 328 1497 secum
346 1438 436 1505 serst3
452 1456 525 1516 sape
538 1440 624 1497 etiam
641 1439 787 1516 privatum
801 1434 926 1517 proferat

148 1535 357 1606 exorcismum,
384 1541 466 1612 prout
487 1530 596 1594 (lictum
618 1542 661 1592 est
679 1552 776 1611 supra.
800 1530 925 1594 Differat

148 1626 251 1688 deinde
275 1647 342 1687 eum
370 1627 542 1704 absolvere,
572 1626 622 1687 sed
645 1626 772 1687 hortetur
795 1637 828 1686 ut
849 1647 926 1709 saepe

147 1718 260 1794 redeat,
280 1730 313 1780 ut
334 1721 373 1779 sic
394 1723 522 1797 cognosci
537 1724 624 1799 possit
643 1718 788 1799 quomodo
801 1740 831 1781 se
846 1732 925 1799 gerat

146 1816 178 1872 in
195 1811 350 1871 resistendo
365 1812 453 1871 hostis
472 1813 688 1885 invasionibus,
702 1822 731 1870 et
744 1814 774 1871 in
790 1813 935 1875 remediis-

80 1954 83 1965 .
148 1901 317 1964 adhibendis
330 1924 337 1973 ;
355 1922 408 1964 nec
418 1923 484 1961 eum
496 1903 645 1980 absolvat,
659 1907 714 1964 nisi
730 1913 792 1984 post
804 1905 932 1984 longum'

147 1999 391 2075 experimentum,
402 1997 472 2058 tales
483 2003 559 2060 enirn
570 2002 787 2074 conversiones,
803 2010 836 2061 ut
848 2000 924 2063 dixi-

147 2112 231 2170 mus,
245 2112 306 2154 raro
320 2103 387 2155 sunt
400 2113 495 2172 verae,
508 2106 536 2156 et
546 2097 686 2156 rarissime
697 2107 921 2175 perseverantes.
