1956 3614
262 228 287 306 ς.
301 243 333 302 n.
353 239 477 286 mourut
491 241 531 286 uo
545 240 710 288 utnocrros.
814 232 871 307 237

97 331 232 395 accedere
241 331 446 395 arlaudienrlas
455 334 656 396 confessiones.
671 332 814 396 l’arochus
823 338 874 414 qui

99 425 192 503 rejicit
214 428 387 501 missiones,
410 446 544 504 magnam
564 430 664 506 ingerit
682 429 873 507 suspicionem

99 539 161 581 sua
176 523 336 601 probitatis.

141 636 212 676 202.
231 615 302 677 vll.
324 615 391 679 Non
411 611 496 674 modo
513 613 656 674 larochus
669 614 752 676 dohet
765 613 875 689 auferre

99 707 233 784 malum,
247 690 396 769 sedetiam
410 709 519 768 bonum
535 727 721 788 promovere,
735 707 875 788 quemad-

100 801 220 863 modum
234 803 346 865 faciuut
360 822 461 863 omnes
474 805 543 885 boni
560 812 705 883 pastores,
731 804 780 882 qnui
795 821 875 861 nun-

99 917 189 978 qnam
205 901 343 959 omittunt
355 897 497 959 exhortari
519 897 556 958 ad
567 899 757 977 frequentiam
772 896 877 956 Sacra-

99 1000 290 1072 mentorum,
318 1001 347 1052 et
368 995 618 1070 congregationum
643 991 681 1052 ad
700 987 878 1063 visitandum

99 1086 157 1148 SS.
179 1086 421 1171 Sacramentum„
445 1080 474 1148 et
499 1086 629 1148 divinam
658 1087 813 1148 Matrem:
840 1081 877 1144 ad

98 1201 250 1256 novenas,
266 1180 305 1242 ad
316 1184 531 1243 associationem
547 1181 748 1254 Venerabilis,
761 1177 878 1257 quando
930 1178 932 1183 ’

99 1273 187 1335 datur
198 1283 339 1355 tanquam
350 1272 497 1333 Viaticum
510 1314 520 1346 ,
536 1280 564 1331 et
577 1281 645 1331 ante
659 1274 755 1330 omnia
767 1267 805 1329 ad
815 1287 879 1331 ora·

98 1371 210 1428 tionem
230 1364 405 1441 mentalem,
427 1364 462 1426 de
476 1387 533 1446 qua
548 1367 578 1426 in
593 1365 620 1438 §.
634 1366 699 1441 lll,
723 1365 773 1424 ubi
791 1383 881 1443 expo·

97 1480 206 1526 nemus
220 1463 331 1542 praxim
344 1460 561 1536 erymerhodum
582 1461 693 1522 facilem
707 1504 717 1536 ,
741 1476 806 1538 qna
819 1457 880 1518 Pa-

100 1554 196 1617 roclris
209 1565 237 1615 et
251 1555 440 1616 confessariis
450 1559 552 1634 poterit
560 1558 703 1617 inservire
716 1553 754 1615 ad
764 1563 879 1631 cataros

101 1653 132 1713 in
149 1669 182 1711 ea
193 1648 376 1711 erudiendos.

144 1745 214 1808 203.
235 1743 319 1803 vllt.
348 1741 492 1804 Parochus
513 1750 625 1802 leuetur
646 1740 683 1802 ad
706 1742 881 1802 concionan-

102 1837 176 1899 dum
189 1836 290 1898 diebus
303 1836 474 1913 dominicis,
486 1848 517 1898 et
525 1837 606 1899 festis
617 1834 879 1917 principalioribns3

102 1955 140 1996 cx
153 1953 212 2013 quo
225 1931 353 1994 doctores
372 1931 465 2000 (virle
478 1934 508 1992 in
524 1931 623 1992 morali
639 1935 658 1991 l.
671 1932 709 2006 ὅ,
730 1954 765 1992 n.
780 1931 838 2010 269
852 1941 882 1990 ct

102 2031 200 2100 360.)
218 2025 364 2087 affirmant
387 2028 511 2106 graviter
526 2045 640 2106 peccare
658 2025 817 2086 Parochum
831 2027 881 2103 qui

102 2143 155 2205 per
180 2140 309 2182 mensem
335 2123 528 2197 continuum,
545 2129 596 2181 aul
618 2139 669 2200 per
692 2128 749 2179 tres
771 2137 883 2178 menses

104 2218 300 2281 discontinuoo
312 2220 474 2281 concionari
489 2218 614 2290 omittit,
631 2217 757 2296 exceptis
771 2213 882 2275 duobus

104 2316 272 2389 mensibus,
286 2316 316 2373 in
326 2315 431 2393 quibus
440 2315 576 2392 permittit
586 2311 718 2372 Trident.
732 2307 882 2396 Parochis,

104 2431 142 2472 ex
157 2415 232 2488 justa
255 2428 339 2471 causa
357 2410 395 2468 ab
412 2409 552 2487 Episcopo
569 2405 777 2485 approbanda,
800 2424 884 2484 posse

104 2505 182 2566 licite
195 2506 303 2564 abesse.
329 2503 366 2563 Et
379 2501 425 2565 hic
444 2497 606 2561 notandum
620 2508 662 2559 est
676 2496 883 2558 Tridentinum

106 2601 213 2674 (Sess.
227 2601 265 2673 5,
276 2601 311 2659 C.
326 2620 366 2674 2,
379 2598 417 2658 de
433 2598 501 2674 Res.
512 2597 526 2672 )
539 2596 705 2677 praecepisse
717 2603 750 2655 ut
762 2592 884 2655 Parochi

107 2710 221 2770 gregem
233 2710 323 2775 xsuum
342 2690 432 2750 verbo
453 2687 553 2748 divino
577 2697 720 2777 pascant,
741 2706 884 2747 sermones

107 2784 206 2847 faciles
222 2804 273 2867 pro
293 2783 357 2863 ejus
375 2793 458 2866 captu
472 2783 632 2858 habentes,
654 2803 712 2862 quo
727 2784 815 2861 possit
830 2801 885 2859 po-

108 2878 198 2960 pulus
212 2899 311 2960 capere
324 2922 334 2954 ,
361 2898 426 2960 quar
438 2877 478 2938 illi
490 2880 704 2941 concionantur.
720 2875 794 2933 Cum
807 2875 885 2933 enim

111 2980 258 3052 expertum
272 2971 413 3035 habeatur
426 2969 532 3042 fidem,
550 2970 624 3028 sicut
638 2970 699 3046 ipsa
715 2962 885 3025 diffunditur

110 3061 329 3144 predicatione,
348 3065 387 3123 ita
404 3082 454 3141 per
466 3059 598 3122 eamdem
606 3059 766 3141 conservari
785 3055 884 3136 (fider

106 3179 154 3244 ,ox
168 3158 321 3236 aaron),
343 3177 444 3239 parum
468 3155 585 3219 utilitati
605 3162 691 3216 eruut
712 3151 823 3236 populis
845 3169 884 3219 eae
923 3164 931 3171 ·
