1956 3608
165 209 220 280 ¹24
263 246 267 253 -
379 219 482 265 nntxrs
501 186 703 267 conresstnu.

161 313 265 405 natur:
285 294 528 373 Eminentissirne
547 326 576 374 et
593 310 841 374 reverendissime
862 312 935 384 Da·

162 426 244 467 mine
256 448 265 480 ,

183 568 240 625 “Ν.
254 567 296 624 Ν.
317 587 383 628 rem
399 566 510 633 habuit
532 587 602 628 curn
626 558 765 643 quadum
783 564 932 641 muliere,

156 670 186 718 et
199 669 308 732 posteo
318 660 474 737 sponsalia
485 657 644 721 contraxit
655 676 725 717 curn
736 659 800 726 eius
814 676 933 718 sorore.

159 750 411 828 Impedimmtum
426 765 471 813 est
480 751 656 821 occultum,
671 760 700 807 et
711 747 737 808 si
750 748 934 828 conjugium

156 865 220 904 nan
230 843 343 922 fieret,
369 847 460 923 plura
480 845 631 905 evenirent
652 841 816 902 scandala.
844 841 935 919 Sup-

154 939 251 1015 plioat
267 939 334 999 ideo
349 939 506 1000 Eminent.
532 942 573 998 V.
596 949 631 998 ut
653 934 794 1016 dignetur
816 935 843 995 ei
864 935 934 997 dis-

154 1024 366 1104 pensationem
390 1030 567 1092 concedere.
601 1029 725 1090 Fatebit
748 1049 935 1113 responsum

156 1124 273 1185 mittere
300 1125 464 1200 Neapolim
490 1126 569 1192 (aut
594 1127 746 1183 Acerram
769 1142 825 1199 per
848 1123 935 1185 viam

156 1217 326 1296 Neapolis)
341 1218 384 1278 ad
396 1220 437 1278 N.
450 1220 492 1278 N.
514 1222 526 1285 (
535 1217 582 1277 hio
597 1217 773 1296 exprimatur
782 1235 890 1276 nornen
905 1227 937 1279 et

157 1316 333 1388 cognomen)
348 1309 578 1391 Confessarium
594 1307 821 1387 approbatum,
834 1316 891 1369 etc.

198 1467 229 1527 Si
249 1476 345 1527 autem
360 1466 578 1527 Matrimonium
592 1465 707 1545 estjam
722 1468 845 1541 initum,
862 1471 936 1529 scri·

156 1560 241 1619 batur
253 1561 309 1618 sic:
327 1559 369 1616 N.
385 1561 423 1616 N.
434 1559 563 1640 ignarus
578 1564 651 1628 (out
659 1559 819 1631 conscius)
832 1559 936 1639 impe·

153 1653 304 1732 dimenti,
319 1652 554 1714 Matrimonium
565 1652 725 1713 contraxit
734 1673 805 1713 cum
822 1654 934 1731 aliqua

147 1745 292 1825 semino,
318 1745 405 1821 cujus
423 1758 553 1807 matrem
576 1748 653 1813 (aut
667 1752 826 1818 sororem)
843 1747 934 1823 prius

153 1840 321 1901 carnaliter
333 1852 524 1919 cognoverat.
534 1839 627 1914 Ideo,
647 1862 715 1900 curn
728 1839 933 1917 impedimen-

153 1945 220 1995 tum
235 1932 273 1992 sit
283 1931 437 1992 occultum
449 1974 458 2006 ,
474 1945 502 1993 et
517 1953 579 1993 non
590 1932 685 2007 possit
697 1933 852 2009 separatio
864 1934 932 1994 sine

153 2023 403 2104 scandalofieri,
421 2026 574 2103 supplicat
586 2027 656 2086 Em.
677 2027 717 2086 V.
731 2046 788 2102 pro
802 2025 932 2088 absolu-

145 2123 234 2207 ,tione
247 2134 276 2183 et
291 2121 528 2198 dispensatione,
547 2133 604 2182 etc.

195 2280 277 2340 Circa
302 2288 368 2340 vota
392 2280 551 2339 castitatis:
576 2283 618 2342 N.
640 2280 684 2340 N.
705 2291 809 2342 votum
830 2279 930 2342 emisit

153 2373 320 2445 castitatis,·
336 2373 391 2434 sed
405 2395 487 2434 nunc
501 2384 544 2435 est
558 2371 588 2433 in
601 2374 703 2453 gravi,
717 2388 746 2434 et
759 2371 929 2435 imminenti

151 2470 289 2551 periculo
301 2467 544 2538 incontinentioe,·
557 2467 625 2528 ideo
637 2467 790 2544 supplicat
801 2470 872 2528 Em.
888 2467 927 2527 V.

154 2577 189 2622 ut
201 2562 377 2638 dispensare
392 2560 533 2640 dignetur
544 2559 669 2621 indicto
685 2573 773 2635 voto,
788 2573 822 2620 ut
832 2559 934 2636 possit.

153 2657 269 2719 Orator
283 2653 519 2713 Matrimonium
533 2652 627 2729 inire,
646 2668 703 2716 etc.
717 2651 827 2714 Eodem
843 2651 928 2714 modo

153 2749 212 2812 fere
226 2745 408 2809 scribendum
427 2766 477 2826 pro
493 2744 703 2827 dispensatione
723 2749 753 2806 in
779 2757 848 2807 voto
863 2746 927 2807 reli-

153 2846 255 2927 gionis.
293 2842 331 2901 Et
352 2839 511 2901 notandum
537 2839 615 2921 quod
639 2841 677 2903 ad
700 2840 925 2921 dispensandum

154 2945 185 3001 in
205 2949 273 3001 voto
290 2938 426 3000 castitatis
443 2955 501 2997 non
515 2932 621 2996 sufficit
638 2935 760 3016 quodvis
774 2953 926 2996 commune

151 3032 312 3113 periculum
326 3032 559 3106 incontinentia,
575 3029 625 3091 sed
640 3032 792 3112 requiritur
802 3048 889 3111 grave
897 3036 925 3090 et

148 3127 327 3207 imminens,
341 3135 425 3210 prout
438 3126 596 3186 innuimus.
