1956 3608
206 227 233 300 §.
248 245 294 287 ιν.
314 244 399 287 curet
415 246 528 287 rourcrs
543 234 702 287 orrrcronr.
806 230 844 292 53

69 341 149 391 runt.
184 328 320 392 Nonnulli
345 344 440 393 autem
460 333 630 393 Confessarii
651 352 752 412 parum
770 337 847 393 cauti

69 426 102 483 in
127 446 161 485 eo
180 447 245 486 casu
265 447 314 505 pro
329 428 520 487 satisfactione
534 430 686 506 imponunt
702 427 786 502 liliis,
813 437 846 487 ut

68 539 138 577 cum
153 518 270 580 domum
286 523 482 600 pervenerint,
502 519 586 599 pedes
600 532 750 600 parentum
761 520 845 581 deos·

69 612 222 689 colentur,
244 625 270 675 et
288 615 433 675 absolutos
444 613 610 690 dimittunt,
629 615 678 674 sed
695 616 733 675 illi
749 628 843 696 postea

68 706 130 769 lroc
139 707 295 788 adimplere
308 729 368 769 non
384 719 507 781 curant,
530 719 558 768 et
573 730 682 769 novum
698 720 843 789 peccatum

65 798 238 863 admittunt.
262 803 360 862 Satius
379 812 422 861 est
438 821 560 875 curare,
586 811 619 861 ut
640 813 706 862 ante
726 803 844 863 absolu-

68 897 176 954 tionem
191 894 268 955 banc
285 898 401 955 veniam
419 905 559 975 poscant,
581 893 630 955 sed
645 900 716 975 quin
734 900 774 956 eis
788 901 844 956 im-

65 998 195 1068 ponatur
215 999 247 1048 ut
267 987 368 1067 pedes,
387 998 436 1049 aut
456 1010 575 1049 manum
591 989 823 1050 deoscularentur
834 1012 843 1064 5

65 1083 137 1160 quia
162 1081 203 1140 illi
231 1081 281 1140 lilii
310 1083 414 1162 quibus
439 1081 492 1143 hoc
516 1080 638 1142 faciendi
665 1080 842 1143 consuetudo

64 1193 219 1253 nunquam
234 1175 308 1251 luit,
329 1174 496 1236 difficillime
509 1176 563 1236 hoc
577 1186 782 1253 exsequuntur.
806 1177 841 1236 Si

65 1277 166 1327 autem
191 1288 250 1326 non
272 1271 358 1348 possit
382 1267 530 1329 commode
554 1266 601 1329 bic
625 1278 704 1329 actus
728 1269 842 1329 abillis

63 1362 141 1435 exigi
167 1371 199 1420 ut
215 1365 328 1421 veniam
353 1361 497 1441 postulent
518 1373 585 1423 ante
606 1362 843 1439 absolutionem,

63 1473 125 1511 non
147 1455 310 1532 imponatur
325 1453 378 1514 hoc
397 1455 450 1512 sub
467 1458 544 1530 gravi
566 1454 761 1530 obligatione,
790 1454 839 1513 sed

39 1590 46 1599 .
64 1548 161 1626 potius
176 1556 209 1605 ut
223 1548 372 1606 consilium
387 1545 570 1619 insinuetur,
585 1546 655 1606 dum
675 1558 749 1607 certe
764 1568 841 1625 prae-

63 1650 220 1700 sumuntur
232 1685 241 1714 ,
257 1641 357 1701 saltem
368 1650 400 1700 ut
411 1641 586 1719 plurimum,
598 1651 728 1719 parentes
740 1644 840 1700 remit·

64 1745 123 1795 tere
136 1734 202 1795 liliis
217 1735 292 1796 hanc
307 1735 508 1812 obligationem
524 1777 534 1810 ‚
559 1754 596 1794 ne
614 1733 667 1794 lilii
688 1736 791 1795 itemm
806 1737 839 1794 in

62 1830 121 1888 Dei
134 1828 272 1891 offensam
288 1834 446 1890 incurrant.

106 1923 155 1983 35.
177 1922 208 1983 Si
231 1933 327 1984 contra
346 1921 518 1981 confitentur
539 1932 691 2000 parentes,
712 1924 836 1982 interro-

60 2026 145 2095 getur
158 2018 195 2076 ab
212 2020 274 2090 eis,
304 2039 328 2075 1.
349 2017 372 2074 si
392 2014 566 2091 negligentes
586 2016 692 2074 fuerint
714 2018 744 2073 in
770 2016 836 2076 liliis

59 2108 249 2183 educandis,
260 2130 318 2169 non
335 2108 462 2170 curando
483 2118 515 2168 ut
529 2107 689 2170 doctrinam
703 2107 836 2169 christia-

60 2221 130 2271 nam
150 2199 186 2261 illi
202 2201 388 2274 docerentur,
412 2212 445 2262 nt
466 2221 544 2262 secto
566 2204 758 2274 interessent,
781 2200 837 2261 Sa-

59 2304 206 2354 cramenta
225 2294 460 2372 frequentarent,
485 2312 592 2369 pravos
606 2295 713 2365 socius,
731 2303 760 2352 et
774 2288 835 2371 per'-

59 2403 146 2443 sonas
155 2383 270 2443 alterius
279 2398 363 2441 sexus
372 2384 496 2442 vitarent
505 2383 516 2440 i
525 2384 596 2441 ltem
608 2402 656 2441 eos
666 2386 835 2458 interroget,

58 2478 84 2535 si
112 2473 247 2535 scandalo
268 2473 385 2534 luerunt
408 2472 486 2545 illis,
520 2475 549 2531 in
569 2492 667 2531 eorum
684 2476 832 2556 presentia

57 2566 309 2646 blasphemando,
335 2577 387 2627 etc.
400 2567 413 2626 ,Ρ
429 2567 461 2626 Si
483 2565 519 2626 de
535 2567 696 2626 excessibus
711 2586 758 2626 eos
772 2587 830 2629 non

48 2662 265 2738 corripuerim,
283 2669 310 2718 et
324 2663 462 2738 precipue
478 2663 501 2718 si
520 2657 629 2739 aliquid
643 2659 728 2720 lurati
744 2663 801 2721 sint
817 2661 830 2722 ἰ’

33 2816 36 2821 ,
56 2751 92 2813 Si
102 2755 282 2831 permiserint
296 2762 328 2811 nt
337 2755 431 2832 sponsi
444 2774 560 2813 suarum
574 2754 697 2813 filiarum
710 2753 829 2814 domum

54 2843 253 2925 accederent?
279 2847 315 2906 lit
340 2848 517 2926 potissimum
541 2848 564 2905 si
583 2845 657 2905 lilios
678 2866 773 2906 secum
795 2853 825 2905 in

54 2935 160 3001 eodem
176 2936 245 2999 lecto
261 2941 449 3012 retinuerint,
472 2949 522 2998 aut
537 2941 714 3018 permiserint
728 2957 828 3016 pueros

54 3029 824 3112 etpuellascondormirei'ltemsiomiseriutaliruenta

53 3129 213 3207 necessaria
231 3126 296 3185 liliis
310 3123 489 3186 ministrare?
500 3124 532 3186 Si
543 3122 637 3187 modis
646 3123 768 3204 iniustis
775 3147 841 3188 cue-
