1956 3608
97 198 157 257 232
278 186 288 197 ’
316 206 424 251 tmtxts
444 192 653 249 concussam.
677 252 680 259 ,

96 303 238 381 majorem
258 304 476 373 austeritatem,
500 319 567 378 qua
582 299 761 360 conveniens
778 307 821 357 est
835 314 871 356 se·

97 397 226 459 cundum
242 393 422 475 prudentiam
432 413 441 463 ;
451 391 554 454 etideo
565 402 676 454 recuset
685 391 873 452 munuscula:

98 492 216 569 effugiat
235 486 480 561 familiaritatem,
499 496 528 548 et
541 490 637 548 onmia
652 486 709 546 alia
729 505 796 565 quae
815 504 875 564 pos·

99 595 170 651 sunt
191 602 252 643 esse
270 602 358 643 causa
376 580 560 643 adhaesionis.
590 582 639 641 Ob
659 579 792 659 aliquam
808 582 874 640 circa

98 680 152 740 hoc
162 676 386 757 negligentiam,
408 675 461 738 oh!
482 685 552 756 quot
567 675 872 744 confessartietsuas,

97 782 125 834 ct
140 773 344 834 Poenitentium
360 775 475 833 animas
489 767 694 851 perdiderunt!

143 866 325 947 194.xxt1.
340 866 385 926 Sit
398 864 538 938 humilis,
554 884 607 925 nec
625 861 662 924 de
681 884 735 924 sua
750 862 873 925 doctrina

98 971 263 1042 prasumat.
293 959 379 1020 Unde
394 959 557 1039 frequenter
570 967 631 1018 oret
645 958 746 1018 Deum
763 960 802 1020 ob
816 976 875 1018 me·

99 1059 151 1115 rita
167 1055 235 1115 Jesu
247 1054 353 1113 Christi
366 1096 376 1128 ,
391 1062 419 1113 et
430 1055 585 1133 presertim
598 1054 629 1111 in
638 1053 757 1113 casibus
767 1050 873 1127 dubiis,

99 1158 131 1208 ut
144 1148 213 1208 velit
235 1150 289 1209 sibi
309 1148 403 1210 lucem
417 1146 455 1209 ad
473 1148 548 1208 bene
562 1146 702 1207 soluenda
719 1146 806 1209 dubia
819 1150 874 1207 im-

101 1246 196 1323 pertiri
212 1266 220 1314 ;
235 1242 400 1317 invocavi,
421 1256 451 1303 ct
463 1243 544 1303 venit
557 1242 590 1301 in
604 1262 653 1303 mc
672 1240 809 1321 Spiritus
822 1262 873 1303 so-

95 1338 229 1413 pientioe.
255 1340 328 1415 Sap.
347 1358 386 1414 7,
408 1337 437 1396 6.
456 1337 492 1394 Et
507 1334 572 1395 ideo
587 1335 813 1411 confessarius,
829 1336 875 1416 qni

97 1434 254 1491 orationem
270 1449 328 1489 non
342 1429 429 1501 facit,
447 1426 602 1489 difficiliter
616 1441 689 1491 recta
702 1429 827 1492 incedet.
843 1431 877 1489 lit

98 1529 127 1584 in
143 1523 238 1583 dubiis
255 1526 347 1601 magis
369 1522 547 1605 implicatis,
577 1535 627 1586 aut
645 1529 763 1604 majoris
779 1546 877 1588 conse·

97 1622 222 1700 quentiae
233 1639 292 1680 non
304 1622 418 1681 omittat
431 1620 578 1683 consulere
588 1620 660 1682 alios
673 1623 752 1682 viros
763 1620 876 1698 doctos,

99 1725 127 1774 ct
141 1719 258 1793 majoris
272 1718 463 1796 experientias.
484 1715 644 1777 Praesertim
652 1717 699 1776 ita
712 1736 746 1777 se
759 1727 836 1796 gerat
848 1721 877 1778 in

99 1809 254 1871 directione
268 1811 390 1886 alicujus
403 1814 507 1871 animae
519 1810 651 1886 elevata,
665 1820 695 1870 et
708 1832 775 1891 quae
786 1834 803 1872 a
816 1813 876 1873 Deo
894 1842 898 1848 ·

98 1905 242 1984 aliquibus
271 1908 367 1982 gratiis
395 1905 659 1985 supernaturalibus
688 1908 724 1966 sit
749 1905 875 1981 donata,

99 1998 217 2078 quando
229 2001 289 2080 ipse
303 2003 333 2061 in
349 2000 403 2062 hac
418 2004 535 2061 materia
551 2011 593 2061 cst
608 2020 712 2080 parum
733 2012 874 2082 expertus.

99 2094 220 2174 Aliquos
234 2098 283 2174 qui
303 2098 448 2156 scientiam
468 2101 617 2172 mysticam
634 2100 685 2156 vix
706 2099 875 2176 primoribus

98 2189 183 2248 labris
197 2189 403 2265 degustarunt,
424 2188 511 2266 pudet
525 2191 562 2248 ab
577 2188 640 2248 aliis
655 2189 807 2253 consilium
822 2211 873 2271 pe-

99 2292 179 2341 tere:
202 2301 260 2340 non
282 2285 319 2340 ita
344 2301 374 2340 se
391 2293 491 2360 gerunt
504 2304 574 2344 uere
590 2283 716 2360 humiles
738 2306 746 2356 3
773 2284 803 2346 hi
817 2305 875 2346 non

98 2373 182 2438 modo
194 2375 344 2437 consilium
359 2386 479 2457 petunt,
495 2381 554 2438 imo
564 2388 592 2438 et
603 2400 619 2438 a
634 2378 763 2457 pluribus
775 2388 874 2460 petunt

98 2477 209 2554 quoties
226 2483 353 2553 oportet3
372 2473 525 2535 sedetiam
544 2473 654 2534 nullam
674 2477 794 2534 omnino
808 2495 876 2535 sen-

98 2568 173 2628 tiunt
191 2565 389 2627 difficultatem
414 2565 595 2647 praecipiendi
618 2566 786 2643 hujusmodi
810 2572 875 2630 ani-

99 2661 225 2731 mabus,
252 2667 283 2716 ut
302 2678 332 2716 se
354 2660 518 2735 conferant,
543 2660 579 2718 ob
602 2658 810 2736 directionem,
839 2661 874 2722 ad

99 2756 246 2833 magistros
262 2754 350 2829 magis·
365 2754 468 2832 peritos
484 2775 492 2823 3
508 2753 554 2813 vel
569 2753 671 2823 saltem
687 2797 696 2826 ‚
715 2755 873 2816 utiliorum

100 2852 220 2912 subeant
236 2847 385 2926 judicium.
400 2849 459 2908 llas
469 2869 537 2909 vero
550 2853 662 2910 animas
677 2850 875 2912 Confessamus

98 2964 250 3023 nunquam
261 2943 359 3004 audiat
370 2947 399 3004 in
412 2943 512 3005 diebus
523 2944 633 3004 lestivis
646 2964 654 3013 ;
671 2943 721 3002 sed
740 2955 809 3007 tunc
828 2947 874 3008 det

99 3036 192 3097 locum
208 3043 296 3115 magis
311 3040 523 3118 indigentibus,
540 3050 568 3102 et
585 3040 724 3121 praecipue
739 3045 876 3121 pauperi-

99 3130 154 3190 bus
167 3134 383 3210 campestribus.
