1956 3608
270 159 343 237 §.m
361 173 485 221 nunant
500 176 720 225 mancoseos.
824 172 882 233 235

104 271 316 345 Sacramenta,
335 273 447 351 quoties
460 274 612 352 parnciani
628 269 704 350 juste
716 289 883 354 exposcunt.

106 367 184 426 Etsi
201 365 271 427 forte
291 384 473 428 teccnemnm
489 370 666 431 eonstitnerit
680 386 697 444 ,’
713 367 779 448 ejus
792 374 884 435 vitam

104 469 133 520 et
146 462 293 521 scientiam
310 459 463 537 diligenter
477 462 622 522 examinet
638 482 648 533 3
666 464 882 527 aliasumninm

102 555 390 630 inconvenientium,
403 573 468 634 qnae
479 562 574 634 postea
587 558 737 632 evenient,
748 561 810 640 ipse
819 559 884 622 Deo

103 645 317 708 redditurusest
326 649 746 728 rationem.lnsuper,tenetnr
754 656 883 715 assistere

102 744 312 818 morientibus,
332 745 388 802 nisi
402 741 478 804 adsit
489 743 565 804 alius
576 742 707 804 idonens.
726 745 883 808 Peccatori·

101 837 157 896 bns
173 846 272 897 autem
293 835 654 898 habituatismorientibns
668 839 819 919 specialem
837 849 884 902 te·

99 937 189 988 netur
209 937 340 1007 prestare
352 931 559 1004 assistentiam,
582 931 721 1010 qnoniam
745 933 790 991 isti
804 933 885 993 enis-

100 1030 169 1082 tnnt
182 1023 213 1081 in
224 1023 304 1099 gravi
318 1026 485 1085 necessitate
497 1042 557 1085 suae
567 1027 746 1098 assistentia.
762 1026 799 1087 Et
809 1028 882 1088 circa

56 1110 64 1115 ’
99 1115 272 1177 Extremam
282 1118 479 1192 unctionem,
494 1117 624 1179 attendat
637 1117 685 1193 id,
703 1119 782 1197 qnod
793 1119 885 1181 habe·

100 1220 150 1271 tur
160 1206 193 1271 in
205 1208 379 1311 catqstnianro
389 1228 508 1271 romano
523 1215 624 1288 (pert.
637 1232 675 1283 a,
688 1234 715 1272 c.
724 1213 760 1285 6,
771 1221 860 1293 req.)
873 1236 881 1274 ε

104 1294 442 1383 Grammdlineeam
456 1307 511 1384 qui
524 1305 601 1367 ittae
614 1319 734 1384 tempus
745 1321 882 1385 (egrotus

99 1396 238 1478 ungendi
264 1400 426 1461 atamen
454 1401 575 1476 solent,
603 1422 677 1463 cum
697 1405 766 1475 jum
795 1402 883 1464 omni

98 1492 209 1554 salcetis
225 1512 280 1568 spe
292 1493 431 1565 emissa,
446 1495 506 1552 vitu
520 1508 549 1552 et
564 1496 700 1557 sensibus
715 1519 822 1558 curere
832 1500 884 1559 in·

99 1587 225 1663 cipiunt.
251 1585 384 1646 Tenetur
399 1601 515 1663 qnoque
534 1603 565 1642 se
582 1582 760 1656 informare,
784 1595 881 1647 utrum

100 1682 146 1740 stri
160 1677 267 1739 subditi
282 1686 421 1759 praecepto
436 1674 562 1757 paschali
579 1675 777 1737 satisfecerint.
804 1675 883 1741 Bar-

98 1776 178 1836 tosa
191 1775 229 1833 de
250 1771 314 1850 Off.
334 1775 408 1833 Pur.
422 1795 449 1832 c.
462 1796 500 1845 a,
520 1793 553 1831 n.
566 1790 603 1848 7,
624 1784 653 1832 et
666 1771 794 1850 Segneri
807 1773 882 1832 Per.

98 1868 195 1928 Instr.
208 1888 236 1926 c.
251 1868 301 1927 23.
325 1866 360 1923 Et
375 1863 594 1941 diligentissime
609 1874 711 1925 caveat
730 1881 882 1944 nunqnam

97 1961 279 2023 committere
310 1960 472 2037 cuicunque
500 1957 602 2018 clerico
627 1955 778 2018 schedulas
803 1976 883 2017 ccm-

98 2055 264 2116 muniunis.
445 2054 448 2059 '

146 2146 212 2224 198.
233 2144 289 2205 111.
309 2145 421 2206 (lavere
433 2162 551 2224 qnoque
564 2141 650 2203 debet
665 2139 826 2218 Parnehm,
845 2163 882 2205 ne

99 2237 272 2302 concedatur
296 2237 413 2297 habitus
436 2237 572 2299 clericalis
601 2236 658 2296 illis
682 2238 803 2317 pueris,
832 2249 882 2299 aut

99 2328 883 2409 adolescentibns‚qnimoribussuisnunpraeseierunt

100 2423 228 2486 indolem
242 2422 471 2486 ecclesiasticam.
494 2420 652 2500 Diligenter
664 2430 759 2501 postea
771 2419 882 2483 erudire

101 2519 189 2581 debet
204 2523 277 2581 circa
295 2528 402 2581 statum
421 2516 646 2582 ecclesiasticum
671 2515 795 2579 Clericus
814 2537 881 2581 suos

102 2615 163 2690 jam
181 2612 313 2673 habitum
327 2610 486 2674 deferentes
503 2634 512 2685 ς
528 2611 611 2675 aliter
622 2609 663 2674 illi
677 2613 740 2682 sine
758 2613 882 2675 instruc·

102 2709 182 2767 tione
192 2707 301 2781 relicti,
320 2714 348 2766 et
359 2707 487 2767 moribus
497 2705 676 2788 depravatis,
690 2715 741 2767 aut
757 2724 805 2784 per
818 2704 881 2779 sas,

102 2809 156 2861 aut
176 2820 225 2879 per
242 2801 324 2862 nefas
339 2800 378 2862 ad
392 2801 515 2864 Ordines
538 2801 605 2863 inde
620 2819 679 2861 non
694 2801 757 2875 sine
776 2815 882 2874 magno

104 2915 164 2955 snae
187 2895 266 2953 urbis
288 2894 422 2958 seandalo
445 2907 475 2956 et
497 2897 692 2964 detrimento,
717 2887 888 2953 ascendenti

103 2989 293 3050 Praetermitto
305 2988 352 3051 hic
365 2989 443 3070 loqui
456 2987 493 3048 de
506 2989 633 3048 maxima
648 2985 775 3058 ratione,
790 3002 879 3063 quarn

104 3084 168 3145 Deo
179 3079 316 3145 reddituri
326 3092 395 3146 sunt
404 3080 523 3145 Perochi
533 3079 657 3161 itti‚qui
665 3074 889 3141 exhibentium
