1956 3608
271 240 296 314 §.
310 258 342 300 v.
363 259 428 299 corr
443 256 641 299 montenonis.
787 238 841 308 145

69 351 139 412 satis
153 348 206 409 erit
220 350 244 408 ei
259 350 406 427 injungere
417 356 450 407 nt
461 346 557 408 redeat
567 356 694 428 tempore
705 347 844 406 sanitatis.

70 443 243 519 Vutnerati,
258 454 283 505 et
295 462 457 525 puerperae,
470 462 534 522 quae
546 442 686 503 ordinarie
695 450 846 523 nequeunt

70 538 108 599 ab
129 539 326 599 assistentibus
350 536 458 611 deseri,
481 532 586 595 sufficit
605 546 637 595 ut
661 554 692 595 se
711 545 846 598 accusent

71 636 199 711 generice
218 633 255 694 de
276 636 336 692 suis
362 632 505 712 peccatis,
529 640 558 691 et
579 632 611 690 in
629 631 789 708 particulari
806 630 844 695 de

72 727 166 809 aliqua
182 727 265 808 culpa
282 726 359 802 levi,
383 747 450 787 curn
470 728 612 806 proposito
629 728 737 801 integre
755 726 847 787 conb-

73 822 151 884 lendi
176 826 200 883 si
221 821 434 884 convalescant.
464 818 604 880 Advertat
631 819 850 898 Conlessarius,

74 915 151 999 qnod
176 918 200 975 si
223 913 414 975 moribundus
435 922 549 973 tenetur
564 911 602 973 ad
619 912 746 993 aliquam
766 916 850 974 resti-

74 1013 242 1083 tutionem,
262 1028 350 1088 quam
368 1007 461 1068 valeat
478 1017 547 1068 tunc
561 1007 698 1089 implere,
715 1010 741 1068 ei
757 1010 852 1089 impo-
901 1021 906 1027 ·
947 1050 956 1059 .

75 1124 143 1166 nere
172 1101 258 1163 debet
282 1113 315 1163 ut
343 1105 439 1165 statim
470 1092 580 1173 faeiat3
607 1112 636 1163 et
662 1123 721 1162 non
744 1101 850 1166 sufficit

76 1196 155 1278 qnod
168 1196 206 1256 de
215 1196 264 1257 itta
275 1217 349 1257 onus
358 1195 520 1257 heredibus
531 1194 691 1276 relinquat3
705 1195 775 1257 alias
785 1216 852 1260 eum

76 1310 135 1354 non
148 1291 281 1352 absolvat
298 1295 311 1360 <
330 1299 355 1363 ).

120 1387 190 1448 106.
211 1385 243 1445 Si
259 1394 355 1445 autern
374 1384 506 1446 infirmus
522 1383 760 1447 notabilissimam
775 1389 856 1449 subi-

78 1490 160 1543 turus
180 1488 253 1540 esset
279 1481 521 1560 perturbationem
544 1483 634 1541 animi
657 1484 687 1542 in
711 1481 856 1546 audiendo

79 1573 158 1656 quod
172 1572 272 1634 debeat
283 1574 430 1633 Viaticum
441 1575 565 1651 accipere
576 1616 585 1647 ,
597 1576 742 1652 probabile
753 1587 796 1637 est
810 1583 855 1654 (2)

80 1688 162 1749 posse
176 1666 337 1728 Perochum
353 1665 561 1727 Eucharistiam
577 1668 602 1726 ei
617 1669 764 1747 praebere,
790 1676 859 1731 reti·

11 1764 14 1769 ’
80 1762 171 1825 oendo
186 1761 267 1822 solita
282 1762 371 1821 verba
386 1782 394 1818 ι
408 1762 537 1838 Accipe,
549 1763 667 1838 frater,
681 1761 859 1845 Viatirrtm,

80 1870 136 1921 etc.
162 1855 221 1919 Sed
247 1853 417 1935 proferendo
439 1854 580 1916 ordinaria
602 1857 687 1917 verba
713 1859 858 1920 Commu-

81 1954 200 2015 nionis:
222 1953 343 2027 Corpus
367 1951 495 2011 Domim
519 1951 623 2012 Nostri
645 1952 720 2013 Jesu
743 1956 859 2019 Christi

51 2102 56 2111 .
81 2046 257 2119 custodiat,
278 2058 350 2105 etc.'

125 2159 195 2218 ¹⁰7·
217 2138 249 2199 Si
263 2136 367 2199 deinde
381 2137 579 2200 confessarius
591 2137 753 2202 adverteret
769 2143 862 2203 mori-

83 2232 217 2297 bundum
232 2235 290 2310 jam
306 2252 368 2291 esse
382 2235 412 2291 in
427 2242 501 2293 statu
519 2253 577 2312 quo
599 2242 742 2295 teneretur
766 2240 861 2300 susci-

84 2350 149 2412 pere
173 2332 340 2391 Extremam
362 2325 562 2399 Unctionem,
587 2337 615 2387 et
629 2328 676 2387 ille
692 2342 836 2409 respueret
851 2355 860 2404 3

86 2425 238 2507 patefaciat
250 2422 274 2482 ei
288 2437 407 2498 magnos
425 2415 543 2479 effectus
556 2418 645 2496 hujus
662 2421 859 2500 sacramenti,

86 2517 164 2601 qnod
186 2514 322 2593 grandem
344 2521 460 2595 praestat
478 2514 581 2574 anima·
603 2512 798 2578 fortitudinem
823 2518 861 2581 ad

88 2608 285 2675 obsistendum
301 2610 331 2668 in
348 2608 450 2669 ultimo
472 2628 562 2687 agone
580 2607 743 2672 demonum
767 2623 862 2678 tenta·

89 2707 240 2774 tionibusr
263 2722 327 2764 eam
352 2702 477 2763 solvito
506 2699 596 2782 culpis
620 2704 802 2781 venialibus,
832 2718 862 2769 et

89 2803 175 2863 etiam
198 2797 387 2874 mortalibus,
412 2798 435 2857 si
458 2796 573 2858 occultae
593 2799 673 2869 sint3
698 2808 726 2859 et
744 2800 862 2881 insuper

125 2993 163 3052 (ι)
182 2987 294 3041 Observa
305 2992 439 3037 auctorem
456 2984 637 3035 instructionis
657 2983 685 3035 di
702 2992 772 3037 terre
783 3001 798 3038 e
810 2988 861 3045 vit-3

91 3069 174 3140 loggi‚
192 3083 248 3135 cop
264 3075 302 3129 rt.
344 3140 348 3145 Ι

123 3177 163 3239 (ι)
180 3173 209 3225 ι.
222 3174 250 3236 o,
270 3118 417 3224 nrunfflt.
437 3165 546 3236 Dubt,
711 3254 748 3298 α
