1956 3608
208 218 274 268 etr.
287 223 330 267 vr.
340 204 735 279 cuimtrsnrrsus,etc.
801 228 849 268 rar

83 324 134 377 est
146 314 384 397 impedimentum
397 318 543 390 criminis,
562 318 699 377 nimirum
713 316 860 379 homicidii

83 410 220 487 conjugis
233 420 354 491 utraque
371 420 450 491 parte
464 412 668 491 conspirante,
695 419 746 471 aut
761 410 861 473 homi-

81 501 158 565 etuti
170 524 238 565 cum
251 502 410 577 adulterio,
424 514 474 563 aut
488 502 619 563 adulterii
639 525 705 566 cum
725 504 782 565 lide
793 506 862 567 Ma·

85 599 236 671 trimonii,
252 607 303 658 aut
319 599 498 659 Matrimonii
522 600 674 671 attentati,
696 610 778 678 prout
798 600 864 663 fuse

89 686 265 757 declaratum
288 698 331 750 est
355 691 386 747 in
411 687 483 749 libro
504 693 591 761 (r);
610 692 641 748 in
658 688 703 748 his
725 694 863 769 casibus,

93 802 206 865 semper
218 804 251 845 ac
264 782 501 863 impedimentum
520 792 563 842 est
579 780 718 842 occultum
736 826 746 857 ,
770 787 864 865 impe·

95 876 195 941 tracta
210 888 254 937 est
267 875 467 957 dispensatioa
483 875 515 935 S.
533 876 753 935 Poenitentiaria.
769 876 867 939 Idem-

96 992 150 1057 que
171 973 282 1043 currit,
310 972 333 1029 si
359 969 501 1029 l'oenitens
521 967 758 1049 impedimentum
779 969 867 1031 habet

96 1070 153 1129 tuli
167 1066 327 1137 castitatis,
347 1074 396 1125 aut
412 1064 563 1141 religionis.
586 1064 618 1124 si
633 1084 699 1124 vero
709 1065 805 1146 aliqua
820 1087 870 1126 ur-

96 1162 259 1241 gentissima
283 1156 394 1218 adesset
416 1178 500 1219 causa
525 1161 555 1217 in
581 1158 676 1236 aliquo
695 1178 762 1218 casu
785 1181 873 1241 raro,

96 1272 201 1336 nempe
217 1252 365 1328 scandali,
389 1255 533 1327 rixarum,
556 1261 605 1312 aut
623 1251 749 1311 infamiae
770 1255 869 1312 immi-

97 1349 213 1419 nentis,
236 1354 263 1403 et
280 1353 392 1425 tempus
406 1355 455 1406 aut
469 1342 572 1405 modus
587 1344 696 1404 deesset
707 1345 869 1408 recurrendi

97 1438 135 1503 ad
148 1440 408 1514 Poenitentiariam,
423 1450 516 1521 posset
528 1443 614 1501 etiam
633 1451 698 1501 tunc
714 1441 871 1522 Episcopus

97 1532 260 1615 dispensare
285 1537 363 1606 (2).
396 1534 432 1593 Et
459 1536 482 1594 si
507 1553 602 1613 neque
629 1533 740 1594 adesset
767 1534 870 1597 modus

97 1624 224 1691 adeundi
247 1628 444 1707 Episcopum,
470 1629 590 1686 observa
609 1626 687 1704 quod
706 1626 872 1690 dictumest

99 1723 129 1783 ln
143 1720 215 1783 libro
230 1722 296 1796 (3),
311 1729 340 1779 et
354 1739 438 1798 supra
451 1739 513 1798 cap.
528 1717 599 1793 1‚§.
613 1739 651 1787 2,
664 1736 746 1776 num.
759 1720 789 1779 8.

136 1814 192 1879 85.
210 1812 243 1875 Si
258 1822 354 1874 autem
371 1813 513 1871 Poenitens
528 1811 586 1890 jam
602 1814 786 1872 contraxisset
800 1812 873 1874 Ma·

99 1910 266 1971 trimonium
290 1906 454 1969 invalidum
479 1908 515 1966 ob
542 1905 779 1985 impedimentum
804 1907 874 1971 diri-

100 2024 205 2079 mens,
232 2014 301 2063 tunc
317 2004 340 2061 si
358 1998 596 2081 impedimentum
621 2003 753 2077 provenit
771 2021 807 2061 ex
824 2024 875 2064 co-

100 2100 168 2185 pula
187 2099 284 2170 licita,
300 2098 385 2157 etiam
402 2093 597 2156 observandus
615 2105 658 2155 est
673 2094 743 2155 liber
757 2099 802 2170 (4)
822 2117 831 2166 ;
851 2102 876 2159 si

101 2204 200 2259 autern
214 2212 250 2253 ex
263 2189 363 2271 copula
378 2189 473 2251 illicita
485 2232 495 2265 ,
506 2199 558 2251 aut
570 2209 606 2251 err
618 2191 755 2265 crimine,
769 2199 798 2250 et
811 2184 874 2252 Pos-

101 2292 201 2353 nitens
216 2289 307 2347 estin
325 2287 400 2346 bona
420 2284 497 2358 fide,
514 2294 542 2345 et
558 2295 654 2346 contra
670 2283 780 2345 adesset
797 2290 875 2367 peri-

102 2382 203 2447 culum
224 2382 342 2453 mortis,
367 2375 494 2438 scandali
518 2387 567 2436 aut
592 2379 828 2454 incontinentias,
851 2383 875 2438 si

103 2480 158 2561 ipsi
170 2473 398 2535 manifestaretur
411 2468 667 2551 impedimentum,
678 2488 787 2530 eocasu
798 2472 878 2533 Con·

104 2570 241 2633 lmmrius
256 2565 494 2647 impedimentum
515 2566 541 2623 ei
561 2561 700 2624 occultare
721 2562 828 2645 debet,
849 2579 879 2632 et

106 2666 224 2727 iuterim
245 2679 393 2742 procurare
410 2680 427 2719 a
447 2658 479 2719 S.
499 2658 708 2719 Poenitentiaria
726 2658 879 2741 dispensa-

106 2762 237 2827 tionem;
256 2775 312 2835 qua
328 2755 463 2827 obtenta,
487 2751 571 2813 dehet
587 2752 742 2833 patefacere
752 2756 883 2835 impedi.

107 2860 265 2924 mentum,
289 2847 429 2927 debetque
448 2857 516 2908 tunc
530 2846 677 2925 diligenter
699 2866 795 2908 secum
810 2867 883 2909 con-

144 3038 188 3101 (ι)
204 3033 289 3087 Lib.6
303 3048 335 3085 ex
347 3046 422 3083 num·
437 3029 494 3085 133.
656 3033 696 3093 (a)
713 3028 794 3081 Num.
809 3046 885 3087 urar.

145 3135 185 3197 (t)
203 3128 259 3184 tib.
272 3132 302 3193 6,
316 3143 392 3181 num.
403 3130 461 3180 612.
472 3141 498 3180 v·
512 3120 561 3174 Sed
573 3120 624 3174 laic.
657 3127 694 3187 (t)
711 3123 793 3267 Napi.
812 3135 889 3192 1144..
