1956 3608
104 215 148 282 ao
252 228 256 237 '
324 219 431 277 uranus
448 226 656 280 comsstnrr.

105 347 170 409 quse
194 323 288 385 forsan
309 323 383 384 nihil
411 325 499 387 habet
521 324 658 387 dissimile
680 331 697 387 a
721 327 880 407 praeteritis.

105 421 225 501 oporiet
238 429 333 480 autem
349 439 463 500 operam
478 419 566 496 dare,
578 430 621 481 'ut
636 420 686 502 qu‘i
701 431 816 502 peccata
831 442 881 484 re·

105 518 269 590 ticuerunt,
294 525 464 593 cognoscant
485 537 572 597 quam
597 519 756 578 maximum
780 516 882 598 pecca·

103 617 166 669 tum
180 604 235 667 hoc
249 607 304 680 sit,
325 608 489 670 conculcare
499 608 608 688 'nempe
626 606 746 689 pedibus
761 611 882 688 sangui·

105 720 172 763 uem
188 700 256 762 Jesu
273 700 391 763 Christi.
418 704 465 775 49
477 703 651 780 Interroget,
666 704 689 761 si
704 704 879 782 punitentia

103 795 290 857 satisfecerit?
305 797 340 857 Et
352 799 375 855 si
387 799 529 872 omiserit,
545 817 581 857 an
592 796 646 857 hoc
654 795 755 857 accidit
766 804 880 876 propter

102 891 304 967 oblivionem,
326 902 377 952 aut
400 888 466 972 'quia
494 891 586 952 noluit
611 911 675 952 eam
702 888 884 971 adimplere,

103 996 154 1049 aut
167 990 234 1066 quia
250 985 358 1046 distulit
373 989 402 1044 in
417 995 559 1066 posterum
578 983 760 1059 faciendam,
783 994 834 1044 aut
845 994 879 1045 ut

46 1068 55 1081 ’
103 1079 157 1138 sibi
173 1087 348 1138 commutare
363 1076 487 1151 faceret,
504 1078 567 1136 etsi
583 1079 612 1135 in
625 1095 657 1136 ea
672 1075 808 1135 dilatione
822 1097 878 1157 pu-

104 1173 183 1233 tabat
199 1189 311 1251 peccare
324 1168 337 1228 l
350 1170 397 1232 5.⁰
419 1171 500 1230 Circa
523 1168 674 1242 scandala,
691 1172 715 1228 si
731 1167 878 1232 induxerit

36 1317 39 1320 .
102 1265 173 1328 alios
185 1264 222 1327 ad
234 1265 407 1346 peccandum
420 1309 429 1340 ,
442 1274 491 1326 aut
503 1266 525 1323 si
537 1275 569 1323 ut
581 1273 724 1344 peccatum
738 1283 880 1345 exseque-

104 1368 181 1422 retur
203 1361 309 1420 abusus
332 1359 416 1418 fuerit
431 1358 587 1419 ministerio
600 1359 720 1419 aliorum
737 1357 879 1419 isiodo-

104 1460 218 1534 peratus
238 1453 275 1510 sit
292 1451 412 1531 peccatis
431 1448 530 1509 alienis
541 1449 762 1537 RTabernarios
785 1452 879 1538 interf

103 1553 199 1622 roget,
223 1545 245 1602 si
269 1544 496 1603 ministraverint
518 1544 620 1602 viuum
646 1543 700 1601 illis
727 1545 776 1622 qui
802 1543 879 1603 soliti

101 1636 219 1698 fuerunt
231 1638 332 1698 ebriari
346 1641 371 1706 (ι
379 1645 402 1709 ).
414 1636 550 1696 Mulieres
561 1639 731 1714 interroget,
747 1639 769 1694 si
781 1638 879 1696 verbis

103 1752 204 1813 parum
216 1730 361 1804 honestis,
378 1733 446 1806 jocis
458 1729 607 1805 ,'salibus,
623 1733 700 1804 risu',
715 1740 767 1791 aut
775 1733 798 1789 si
811 1731 877 1791 fixis

101 1826 189 1888 oculis
199 1824 324 1905 aliquem
336 1823 529 1906 inspiciendo,
542 1827 636 1886 tunica
648 1826 735 1884 nimis
746 1824 879 1902 elevata,

101 1931 152 1982 aut
170 1930 281 2001 pectore
298 1930 396 1999 aperto
412 1922 628 2000 provocaverint
644 1922 719 1976 viros
732 1917 769 1976 ad
784 1916 879 1997 malas

102 2016 284 2094 cogitationes
296 2012 349 2074 tsi
361 2034 478 2074 munera
490 2015 527 2074 ab
544 2013 600 2073 illis
613 2011 650 2073 ad
664 2009 773 2071 malum
783 1994 880 2072 ffilem'

103 2106 168 2171 data
185 2105 419 2188 acceptaverint?
440 2105 490 2170 ’.-
607 2114 610 2118 ’
850 2117 861 2133 ·“

142 2203 191 2262 23.
212 2201 294 2261 Circa
308 2199 383 2284 hanc
394 2203 487 2281 ipsam
503 2201 652 2260 materiam
665 2195 811 2272 scandali,
827 2220 877 2283 po·

102 2304 156 2356 test
168 2297 337 2373 interrogare
351 2297 413 2355 insu
418 2314 485 2376 per,
501 2314 536 2354 an
552 2293 695 2353 l'oeuit'ens
709 2282 877 2374 cooperatus

101 2391 187 2452 luerit
201 2401 313 2472 peccato
328 2390 447 2468 alicujus
461 2389 475 2449 l
491 2376 549 2449 Sed
565 2388 762 2448 confessarius
776 2389 805 2444 in
821 2387 878 2450 hoc'

102 2480 186 2543 debet
206 2502 266 2542 esse
280 2481 364 2563 valde
387 2485 515 2564 peritus,
542 2489 574 2537 ut
591 2477 736 2555 dignoscat
756 2479 877 2557 quaudo

102 2574 260 2656 cooperatio
285 2579 321 2636 sit
344 2575 469 2654 socrualis
485 2615 493 2643 ,
509 2570 546 2632 'et
569 2570 686 2652 quando
709 2573 873 2634 materialis

101 2669 255 2732 Formolis
270 2680 333 2744 est,
356 2665 427 2730 cum'
444 2677 608 2747 cooperatur
635 2665 737 2728 actuali
760 2672 874 2746 peccato

103 2761 238 2834 alterius,
257 2771 288 2821 ut
309 2763 406 2820 evenit
427 2761 457 2817 in
476 2758 682 2830 fornicatione,
705 2767 754 2816 ant
768 2778 873 2838 coope-

101 2863 180 2914 ratur
194 2850 276 2913 malae
289 2850 430 2913 voluntati
445 2849 585 2926 alicujus,
600 2857 631 2908 ut
643 2850 666 2906 si
682 2850 711 2907 in
726 2869 807 2908 suam
825 2859 874 2908 to·

23 2964 26 2971 ·
102 2935 873 3026 telamluremreciperet,quodvulgddicuntssuordor

136 3157 173 3214 (r)
194 3148 258 3220 Vide
270 3144 357 3225 lib-⁴2,
376 3161 449 3198 nuru.
462 3148 520 3211 695.
