1956 3608
169 244 225 289 100
384 240 489 284 mxl-'t
510 238 715 284 conensstnrr.

165 334 354 395 communiter
369 330 529 392 admittitur
546 332 655 392 facilius
668 332 779 392 absolvi
796 352 876 413 posse
888 353 932 392 eus

165 431 215 507 qui
233 426 418 507 prolabuntur
432 428 461 484 iu
479 435 591 506 peccata
609 426 700 499 levia,
714 444 748 485 eo
763 426 844 507 quod
855 448 933 489 orra-

164 523 260 581 siones
274 537 372 578 eorum
388 517 591 598 frequentiores
598 518 682 591 ‚siut;
698 525 851 593 attamen,
871 538 930 579 euru

163 616 201 674 sit
220 614 383 673 eommunis
403 614 543 672 sententia
568 615 581 680 (
592 619 624 684 r)
643 630 730 689 grave
752 629 816 672 esse
836 632 932 693 pecea-

162 717 228 769 tum
242 716 269 766 et
286 705 482 783 sacrilegium,
496 704 704 765 absolutionem
718 706 841 786 recipere
854 724 932 786 super

162 802 276 863 levibus
292 800 428 863 confessis
449 802 511 861 sine
529 819 598 858 vero
623 797 717 858 dolore
732 809 761 858 et
775 802 932 879 proposito,

163 916 219 959 noe
234 893 363 957 sufficere
379 892 473 955 dolere
493 891 528 952 de
547 890 732 953 multitudine
751 911 805 953 seu
824 891 861 953 de
879 904 932 954 ntr-

164 1008 245 1047 mero
266 990 410 1048 excessivo
437 984 538 1045 talium
561 983 735 1063 culparum,
761 986 836 1067 quin
860 982 932 1047 dulor

163 1081 304 1141 habeatur
321 1079 357 1139 de
375 1078 470 1158 aliqua
489 1081 519 1137 iu
535 1077 719 1159 particulari,
743 1088 828 1158 prout
843 1081 933 1141 tenui·

164 1195 230 1237 runs
248 1179 294 1248 (2)
317 1183 412 1236 contra
436 1169 628 1252 quorumdam
650 1173 836 1252 opinionem,
858 1170 933 1234 facile

163 1268 353 1330 metuendum
374 1264 435 1329 e'sse
453 1264 620 1344 hujusmodi
641 1264 834 1327 confessiones
853 1269 934 1330 saeri-

163 1362 240 1439 legas
253 1382 336 1436 esse,
351 1371 401 1422 aut
411 1359 513 1423 saltem
527 1358 681 1421 invalidas.
703 1359 781 1421 lliue
792 1359 934 1441 diiigenter

164 1463 274 1530 satagat
291 1452 489 1515 Conlessarius
504 1450 541 1512 ad
555 1470 615 1512 uon
635 1450 828 1513 absolvendos
846 1452 935 1515 iudis-

163 1546 250 1604 tinete
272 1543 342 1605 tales
364 1543 561 1614 Poenitentes3
583 1552 652 1604 tunc
674 1545 805 1619 etenim,
828 1544 935 1605 etiarnsi

162 1635 204 1696 illi
220 1638 277 1697 sint
294 1638 325 1697 in
339 1637 414 1697 buna
433 1633 516 1711 fide,
539 1637 600 1715 ipse
617 1644 715 1695 tamen
728 1653 787 1695 nou
805 1639 934 1715 poterita

164 1731 308 1810 sacrilegio
330 1733 481 1802 excusari,
517 1729 725 1789 absolutionem
749 1726 936 1810 impertiendo

163 1829 205 1885 eis
219 1829 269 1905 qui
283 1824 319 1885 ad
334 1823 543 1885 absolutionem
561 1842 621 1884 non
639 1826 707 1885 saris
721 1821 852 1904 dispositi
866 1820 936 1903 judi-

162 1922 220 1980 rari
232 1929 360 2000 possunt.
375 1919 525 1999 Propterea
538 1930 633 1993 curet,
647 1922 670 1981 si
682 1918 937 1983 Poenitentemsine

163 2023 278 2094 peccato
303 2013 367 2075 vult
385 2013 555 2089 absolvere,
578 2025 629 2075 aut
643 2033 709 2075 euru
731 2011 884 2095 disponere
902 2010 936 2077 ad

163 2108 320 2170 dolendum
336 2111 489 2188 presertim
503 2106 539 2166 de
553 2106 648 2188 aliqua
663 2107 720 2168 levi
733 2106 836 2189 culpa,
850 2130 869 2171 a
882 2126 936 2191 que

162 2202 211 2263 ille
225 2206 315 2280 magis
329 2200 441 2262 horreat
456 2223 464 2271 ς
485 2210 537 2267 aut
557 2204 583 2261 ei
606 2203 773 2276 insinuare,
796 2212 830 2263 ut
845 2201 937 2264 eonfi-

163 2303 256 2355 teatur
270 2293 306 2355 de
325 2295 422 2374 aliquo
439 2304 553 2375 peccato
570 2297 691 2372 graviori
714 2298 781 2356 vitre
803 2304 936 2359 anteacta

163 2398 261 2452 eontra
275 2387 391 2471 aliquod
407 2397 577 2470 praeeeptum
593 2386 717 2459 (sufficit
730 2390 808 2448 eninr
824 2400 858 2451 ut
870 2408 936 2451 con·

164 2486 280 2547 iiteatur
298 2489 328 2545 in
344 2484 466 2563 generali
482 2485 592 2562 absque
603 2491 768 2559 numero),
788 2493 822 2544 ut
835 2482 936 2545 habeat

163 2580 313 2639 materiam
336 2588 441 2638 certam
460 2597 544 2656 super
561 2596 619 2656 qua
637 2578 721 2638 inuiti
743 2580 832 2657 possit
854 2579 936 2643 atro·

162 2670 234 2735 lulio
247 2692 254 2741 ;
269 2671 396 2750 alioquin
411 2674 497 2732 etiam
507 2670 576 2733 huic
592 2671 744 2731 Poenitenti
758 2690 809 2752 per
822 2668 935 2754 aliquod

163 2778 277 2848 ternpus
293 2765 398 2826 differri
413 2775 522 2847 oportet
534 2765 684 2827 absolutio.

205 2879 254 2938 72.
277 2859 349 2919 Dico
360 2880 416 2934 per
430 2858 559 2934 aliquod
571 2868 706 2934 tempus,
726 2856 854 2937 eoquod
867 2858 934 2919 reei-

164 2955 238 3019 divis
264 2965 324 3017 tarn
347 2953 478 3026 levium,
505 2969 593 3031 quarn
610 2951 741 3030 gravium
764 2951 933 3033 culparum,

197 3153 236 3218 (ι)
254 3152 337 3206 Num.
349 3102 408 3219 “pl
421 3132 491 3204 nub.
507 3169 530 3204 r.
630 3154 670 3215 (a)
687 3147 756 3203 lbld.
768 3148 844 3203 ttuh.
855 3168 881 3207 ⁸·
