1956 3608
103 233 144 309 tt
322 251 427 298 aunxis
448 216 653 301 cdnrnssann.

1 396 4 413 ,.
103 363 206 406 sensus
220 343 424 420 dominorum,
445 357 495 409 ant
516 348 570 407 nisi
585 335 625 406 illi
641 344 751 426 aliquid
769 345 872 425 injuste

103 436 327 502 detraherent‘ex
342 445 436 521 pretio.
445 441 558 517 debito,
574 439 667 502 adhuc
678 439 781 501 inlimo
794 461 872 505 com·

102 536 226 594 munitet
239 536 407 598 aestimato?
425 538 455 598 5.
474 537 521 596 An
544 537 597 596 sibi
620 537 729 597 occasio
745 535 872 614 proxima

102 625 236 706 peccandi
256 629 330 690 esset
351 650 386 690 ex
408 628 578 711 accipiendis
599 627 700 708 regulis
717 629 792 688 bene
814 627 872 691 for·

100 719 200 782 mandi
223 733 316 784 vestes
334 723 486 784 mulierum
508 743 557 804 per
577 725 703 803 ipsarum
723 728 872 802 corporum

102 821 433 896 commensurationem,
454 828 505 879 aut
519 827 592 879 esset
605 837 640 879 ex
655 815 788 898 aptandis
809 835 872 878 ves·

101 913 179 972 tibus
196 912 347 989 femineis,
363 911 442 994 qnod
455 915 556 992 nequit
569 912 630 972 lieri
646 914 700 971 nisi
715 931 782 972 cum
796 913 872 993 ipsa·

101 1026 163 1066 rum
180 1007 332 1068 mulierum
346 1009 540 1068 attrectatione
544 1027 561 1078 j
581 1005 668 1086 idque
681 1015 755 1068 esset
774 1009 872 1070 sartori

13 1088 17 1093 ’
100 1099 214 1169 ocosio
233 1099 360 1177 proxima
387 1094 530 1158 incidendi
555 1099 590 1183 in
618 1118 722 1177 pravas
747 1097 872 1166 delecta·

79 1210 81 1214 ·
101 1190 212 1265 tiones,
233 1198 288 1267 ani
307 1188 470 1263 desideria,
498 1198 581 1269 prout
605 1208 663 1250 non
688 1210 751 1250 raro
772 1191 872 1258 accidil

99 1283 235 1367 improbae
248 1285 425 1345 conscientiae
439 1285 508 1343 viris
522 1281 535 1342 i

139 1374 189 1435 δι.
211 1373 395 1448 Undecimo,
431 1376 454 1434 si
479 1372 588 1435 aocedit
610 1373 706 1454 aliqua
728 1375 872 1442 venditrix

100 1466 161 1526 sive
175 1473 325 1543 proxeneta
342 1463 487 1542 (intellige
498 1462 533 1524 de
545 1464 591 1524 his
601 1467 707 1545 quibus
721 1466 872 1530 traduntur

98 1577 113 1618 a
126 1555 250 1617 dominis
265 1577 308 1618 res
321 1556 358 1618 ad
373 1556 540 1624 vendendas
550 1557 724 1620 licitantibus
735 1568 769 1634 ),
783 1566 872 1624 inter·

100 1661 225 1729 rogetur,
247 1674 270 1711 1.
287 1671 324 1712 an
336 1650 444 1732 aliquid
456 1654 601 1713 retinuerit
616 1655 696 1732 pretii
710 1656 747 1713 ab
760 1666 872 1736 empto-

99 1744 178 1805 ribus
192 1745 282 1805 exacti
300 1743 490 1807 iTenuimus
514 1746 592 1803 enim
613 1747 659 1816 (r)
675 1742 750 1824 quod
767 1747 872 1808 vendi·

99 1838 155 1896 trix
170 1838 270 1916 nequit
284 1835 355 1895 illud
374 1855 511 1916 superans
527 1837 581 1897 sibi
597 1839 737 1912 retinere,
758 1843 872 1902 etiamsi

99 1927 231 1990 traderet
244 1929 371 2009 Domino
396 1926 519 2011 pretium
547 1931 585 1990 ab
609 1950 643 1992 eo
665 1930 872 2010 designatum

99 2023 167 2100 quia
183 2019 246 2082 talis
263 2020 460 2081 determinatio
480 2020 513 2081 fit
532 2031 563 2080 nt
584 2041 628 2082 res
650 2042 709 2082 non
727 2024 872 2089 vendatur

97 2113 240 2189 minoris,
264 2132 325 2200 non
348 2121 445 2172 autem
470 2120 503 2171 nt
523 2123 674 2190 proxeneta
699 2113 771 2174 illud
792 2117 872 2198 qnod

97 2217 226 2286 superest·
247 2208 300 2266 sibi
321 2209 439 2268 retineat
457 2225 465 2277 ;
483 2204 569 2284 idque
591 2206 735 2287 procedit,
757 2213 872 2275 etiamsi

98 2320 115 2360 a
132 2299 249 2361 domino
270 2299 356 2361 luerit
373 2299 450 2362 locus
471 2297 652 2378 designatus,
670 2303 720 2365 ubi
736 2324 779 2364 res
793 2326 872 2368 ven-

97 2392 232 2469 deretur,
254 2404 281 2454 et
301 2403 474 2475 proxeneta,
501 2393 627 2456 adhibito
643 2398 680 2457 ita
697 2395 791 2460 debita
806 2400 872 2463 dili·

97 2490 190 2565 gentia
200 2530 210 2560 ,
222 2487 317 2548 inalio
328 2488 388 2548 loco
399 2485 648 2548 multumdistanti
666 2487 753 2569 pluris
764 2489 871 2556 deinde

100 2578 274 2639 vendidisset
293 2601 300 2638 τ
321 2582 427 2640 etenim
449 2581 623 2666 tuncetiam
646 2579 767 2643 dicimus
788 2587 869 2666 quod

97 2673 157 2752 ipse
170 2675 270 2752 nequit
284 2692 369 2732 omne
383 2672 558 2752 superfluum
572 2677 713 2751 retinere,
738 2677 791 2738 sed
805 2689 869 2743 tan·

97 2776 160 2829 tum
181 2765 211 2825 id
231 2764 308 2846 quod
330 2769 384 2847 ipsi
402 2776 529 2846 spectare
549 2778 640 2848 potest
658 2771 694 2830 ob
716 2771 798 2834 illum
819 2795 869 2838 ex·

99 2861 316 2924 traordinarium
342 2860 489 2936 laborem,
517 2883 587 2923 nam
610 2884 653 2924 res
677 2884 788 2947 semper
811 2869 868 2935 dn.

97 2959 178 3019 mino
191 2954 352 3020 fructificet.
363 2955 529 3037 Excipimns
543 2956 610 3035 (2),
631 2979 656 3018 1.
673 2961 697 3019 si
712 2967 867 3042 proxeneta

46 3162 49 3166 ·
112 3180 118 3210 ·.
129 3149 463 3222 <rlNurn.825.r.Quoer.
496 3152 866 3227 <attbidem.v.Beneaotenr,
