1956 3608
152 189 208 252 us
365 199 472 245 enixis
491 198 696 243 connnssrnrr.

147 295 291 356 Caeterum
305 290 384 354 nulla
400 293 551 353 incurritur
569 310 688 350 censura
707 291 793 351 abeo
809 293 860 371 qni
876 294 925 353 in-

148 386 320 450 vincibiliter
343 406 407 446 eam
430 388 540 462 ignorat
562 388 619 458 (r).
642 384 715 445 Item
737 384 926 463 notandum,

146 481 226 563 quod
251 501 316 543 cum
341 483 407 561 quis
432 480 564 557 sacrilege
585 481 616 539 in
640 479 757 557 jubilaeo
778 481 927 545 confessus

148 577 251 653 fuerit,
264 585 332 636 tune
343 576 495 635 reservatio
502 593 561 634 non
570 573 715 648 aufertur,
730 582 763 633 rrt
773 576 928 653 probatum

148 680 215 742 est,
240 671 394 749 presertim
422 689 458 728 ex
486 668 676 728 declaratione
696 668 735 728 N.
761 667 817 728 SS.
846 690 927 751 papaa

150 761 298 823 Benedicti
316 761 391 821 XIV
411 765 467 834 (2).
488 759 628 841 idemque
646 760 793 823 tenuimus
815 764 885 837 (3),
904 766 928 823 si

152 857 303 919 Confessio
319 856 401 917 fuerit
416 854 566 930 invalida,
587 853 732 936 loquendo
742 854 778 915 de
791 856 930 933 jubilaeog

150 950 201 1012 sed
226 961 304 1013 extra
324 951 494 1027 jubilaeum,
518 951 542 1008 si
557 950 623 1028 quis
638 946 767 1009 invalide
783 949 931 1011 confessus

151 1046 238 1106 fuerit
251 1043 328 1124 apud
342 1044 468 1123 aliquem
483 1040 718 1118 confessarium,
732 1044 784 1122 qui
796 1041 932 1105 facultate

152 1139 278 1220 pollebat
295 1157 380 1219 super
394 1139 517 1216 peccatis
532 1138 708 1211 reservatis,
728 1138 892 1199 communis
903 1147 933 1201 et

86 1254 97 1277 ν
152 1231 325 1314 probabilior
336 1239 379 1291 est
397 1231 538 1291 sententia
549 1229 629 1311 qnod
644 1229 823 1291 absolutura
838 1251 931 1295 reser-

153 1330 269 1389 vatione
282 1335 398 1386 maneat
412 1326 471 1398 (t)·
486 1325 596 1405 Estque
610 1327 696 1385 etiam
711 1327 892 1387 communior
904 1334 932 1389 el

152 1422 224 1481 satis
238 1417 392 1499 probabilis
403 1420 518 1497 opinio,
532 1417 722 1479 Poenitentem
735 1416 861 1479 solutum
871 1438 932 1491 esse

146 1534 171 1575 a
188 1514 399 1586 reservatione,
420 1511 557 1591 quamvis
575 1509 724 1572 Confessio
742 1511 829 1573 fuerit
841 1516 931 1575 sacri·

154 1603 235 1681 lega,
249 1600 335 1664 modo
346 1604 407 1683 ipse
417 1600 600 1683 culpabiliter
614 1622 673 1663 nou
688 1604 807 1665 tacuerit
818 1623 932 1684 pinser-

154 1698 207 1759 tim
224 1706 371 1779 peccatum
390 1705 566 1758 reservatum
582 1696 637 1769 (5).

196 1790 247 1855 83.
259 1793 300 1852 11.
322 1790 409 1870 Quod
424 1793 545 1870 pertinet
556 1789 594 1850 ad
608 1788 810 1869 obligationem
821 1789 932 1853 denun·

155 1882 932 1965 tiandi,advertatconfessariusquodipseteneatursub

154 1974 239 2056 culpa
249 1976 332 2055 gravi
342 1979 488 2056 imponere
499 1975 651 2037 Poeuitenti
666 1976 868 2054 obligationem
879 1975 933 2037 de‹

155 2067 311 2131 nuntiandi
320 2071 513 2150 superioribus
522 2070 723 2150 aliquem,qui
733 2070 933 2152 serioprotule-

155 2166 194 2225 rit
204 2164 423 2245 propositionem
432 2154 507 2237 ,aut
516 2162 724 2244 blasphemiam
733 2164 932 2239 haretioaleus,

152 2276 222 2321 eum
239 2275 331 2316 errore
339 2254 508 2319 'intellector
519 2265 551 2317 et
566 2258 738 2338 pertinacia,
753 2278 812 2320 non
827 2262 887 2337 jam
897 2261 933 2331 ob

156 2352 373 2431 ignorantiam,
400 2352 562 2426 incuriam,
589 2361 641 2415 aut
663 2351 778 2434 lapsum
805 2352 933 2435 linguar

155 2463 272 2508 eocasu
287 2441 392 2507 sufficit
404 2443 483 2526 quod
502 2445 648 2507 Ponitens
669 2466 736 2507 eum
757 2445 794 2507 de
818 2467 933 2517 moer*

74 2522 80 2543 ⁸
158 2559 221 2617 mre
235 2549 351 2611 moueat
367 2540 423 2612 (6).
448 2539 586 2603 Proterea
607 2537 692 2603 debet
706 2541 857 2622 imponere
870 2562 934 2605 ruu-

158 2629 294 2706 lieribus,
313 2640 366 2693 aut
377 2633 494 2711 pueris,
507 2642 542 2692 vt
555 2630 728 2695 denuntient
739 2633 933 2701 Conlessarior

193 2774 308 2840 (cnuth.
317 2793 353 2850 7,
372 2791 449 2829 rrum.
461 2776 503 2843 43.

193 2861 233 2923 (a)
251 2857 366 2928 tino,
381 2873 456 2911 uum.
469 2857 527 2924 537.
541 2858 617 2928 Qun.
626 2858 664 2912 11.

195 2939 235 3000 (3)
254 2935 323 2991 Ibit.
348 2936 353 2945 '
366 2952 399 2989 rs.
411 2938 437 2988 st
449 2945 550 2989 nutem.

194 3023 234 3080 (4)
252 3016 308 3069 Lib.
320 3021 351 3081 6,
386 3032 442 3068 um.
455 3022 514 3086 ⁵98·
534 3017 611 3085 Quae.
623 3014 673 3070 lv.
748 3020 790 3087 (5)
804 3016 916 3075 Ibidem

197 3100 237 3159 (5)
253 3096 310 3149 Lib·
323 3105 352 3163 t,
369 3113 444 3153 num.
457 3103 517 3152 2⁵5.
527 3113 553 3151 v·
566 3098 630 3151 Not.
642 3095 678 3153 11.
