1956 3608
218 227 242 308 §.
256 245 289 288 n.
304 243 508 287 unourrrouu
522 244 717 303 concurrum,
733 239 785 291 etc.
831 220 884 309 173

113 335 152 396 ad
164 335 401 398 considerandum
415 338 581 417 mysterium
594 334 729 417 aliquod,
743 344 793 397 aut
805 348 887 399 eter-

113 447 183 489 nam
203 432 374 505 veritatem,
400 428 451 488 sed
472 429 590 489 avulsus
606 451 622 490 a
641 431 725 491 rebus
739 433 885 507 externis,

110 526 139 578 et
156 519 288 581 collectus
304 523 387 600 quasi
409 522 481 579 intra
498 521 625 579 animam
639 523 751 600 ipsam,
773 522 884 602 absque

110 610 230 687 labore,
253 615 313 674 imo
330 634 396 674 cum
415 631 518 689 magna
539 613 680 672 suavitate
703 613 822 675 attendit
840 614 881 675 illi

109 707 245 782 veritati,
263 716 314 767 aut
336 707 472 786 mysterio
495 703 687 785 quodcunque
707 707 752 764 sit.
777 708 881 769 Otium

106 801 377 875 contemplativum
398 807 441 856 est
465 797 524 857 iere
551 797 649 871 idem,
680 800 735 856 nisi
756 797 832 877 quod
850 802 880 877 in

104 891 273 953 collectione
294 894 392 950 anima
414 889 537 951 attendit
550 890 634 951 alicui
650 889 759 955 devote
777 894 882 967 cogita·

104 987 176 1044 tioni
193 983 355 1063 particulari
367 1004 375 1053 ;
389 986 419 1043 in
432 987 489 1045 otio
504 1004 571 1045 vero
584 1005 649 1046 cum
665 984 788 1063 generali
804 1005 880 1065 qua-

100 1075 171 1137 dam
189 1077 243 1136 Dei
259 1079 357 1137 notitia
371 1079 458 1136 sentit
472 1097 501 1137 se
512 1080 542 1137 in
558 1081 649 1159 seipsa
660 1078 829 1152 collectam,
850 1089 879 1140 et

100 1171 230 1230 suaviter
245 1170 307 1229 Deo
320 1179 480 1231 attractam.
501 1172 536 1230 ln
550 1170 605 1237 bac
619 1171 802 1244 collectione,
816 1176 877 1231 sive

100 1254 409 1342 otiouontemplativo,
420 1261 645 1342 dicuntqnidom
655 1266 785 1343 mystici,
799 1264 876 1344 quod

98 1359 153 1416 etsi
169 1356 232 1416 haec
245 1359 333 1418 oratio
347 1359 383 1416 sit
397 1357 536 1418 naturalis
547 1357 763 1430 ,nihilominus
777 1362 873 1420 anima

98 1449 368 1511 cessaredebetnou
379 1451 470 1511 solum
483 1473 498 1512 a
509 1451 711 1529 meditatione,
726 1453 774 1513 sed
786 1455 873 1513 etiam

97 1544 136 1603 ab
146 1544 257 1604 actibus
267 1543 440 1618 voluntatis,
458 1545 562 1604 scilicet
572 1549 694 1620 amoris,
706 1547 872 1621 oblationis,

98 1638 311 1712 resignationis,
327 1645 400 1711 etc.,
417 1646 445 1695 et
464 1645 577 1695 tantum
598 1655 714 1696 manere
737 1637 872 1698 debetin

96 1727 224 1808 quadam
237 1731 342 1790 amoris
352 1728 499 1807 vigilantia
510 1739 538 1788 et
548 1731 704 1790 attentione
714 1728 751 1789 ad
764 1731 873 1804 Deum,

95 1821 206 1898 absque
224 1840 258 1880 eo
276 1819 355 1899 quod
373 1830 468 1880 actum
482 1820 608 1901 aliquem
624 1820 718 1882 iaciat.
742 1822 872 1882 Verum-

95 1922 192 1975 tamen
213 1911 380 1990 bujusmodi
409 1915 650 1973 incantationibus
678 1934 729 1990 ego
755 1935 869 1995 prorsus

93 2009 271 2087 acquiescere
298 2026 356 2067 non
385 2005 475 2067 valeo.
510 2007 590 2066 Nulli
614 2007 761 2082 dubium,
790 2011 869 2088 quod

94 2098 214 2181 quando
231 2102 328 2159 anima
352 2099 497 2160 collectam
517 2119 547 2159 se
567 2102 680 2173 cernit,
703 2119 762 2159 non
785 2101 868 2160 debet
928 2132 943 2140 -

92 2212 124 2253 re
135 2193 276 2273 applicare
293 2193 494 2269 meditationi,
519 2197 586 2274 quia
603 2198 660 2271 jam
676 2197 787 2255 invenit
806 2198 867 2254 sine

91 2285 152 2347 ullo
169 2287 264 2346 labore
278 2285 400 2364 quiquid
411 2289 471 2363 ipsa
484 2288 660 2364 postulabat3
676 2299 865 2368 preterquam

90 2377 171 2458 quod
184 2381 244 2458 ipsa
259 2376 400 2437 ordinaria
417 2376 582 2453 meditatio,
596 2391 629 2438 ut
641 2383 681 2440 ait
698 2381 732 2438 P.
748 2382 865 2458 Segneri

90 2474 120 2533 in
147 2493 200 2532 suo
217 2493 303 2532 aureo
319 2470 454 2552 opusculo
478 2469 514 2531 de
529 2473 695 2533 concordia
715 2474 792 2533 inter
814 2477 881 2534 lu-⁴

88 2566 197 2627 dorem
211 2580 241 2625 et
256 2566 384 2641 quictem
408 2570 468 2638 (1)
485 2608 494 2639 ,
520 2563 649 2646 producit
670 2575 731 2646 post
746 2565 862 2648 aliquod

89 2669 204 2738 tempus
234 2658 500 2738 contemplationem
532 2681 596 2740 quae
623 2659 725 2724 dicitur
753 2664 861 2742 acqui-

87 2754 165 2825 sito,
191 2771 294 2832 nempe
311 2751 388 2816 illam
406 2774 470 2833 quat
491 2760 575 2816 unico
594 2759 700 2816 intuitu
719 2762 860 2833 cognoscit

89 2846 242 2915 veritates,
264 2864 336 2920 quas
359 2855 425 2905 ante
442 2849 555 2905 nonnisi
579 2845 662 2925 longo
680 2846 807 2906 discursu
831 2856 859 2904 et

87 2935 183 2996 labore
209 2947 386 3010 cognoverat.
413 2937 470 2995 Sed
495 2938 541 2997 his
566 2957 626 2997 uon
651 2938 857 3012 ululantibus,

87 3035 184 3090 nescio
201 3049 251 3088 cur
270 3031 365 3087 anima
387 3049 495 3089 cessare
515 3029 630 3091 deleta
651 3032 856 3094 bonis-actibus

119 3140 157 3198 (ι)
175 3137 246 3188 Part.
261 3152 271 3185 r
282 3171 290 3195 ‚
310 3151 332 3187 c.
345 3150 376 3196 r,
395 3150 422 3187 n.
438 3151 458 3186 r.

665 3207 747 3270 its
