1956 3608
97 225 140 302 94
318 231 422 276 rutms
443 229 647 274 consessuri.

99 330 240 384 remotum
260 326 430 401 reputetur,
453 333 538 378 causa
559 314 655 392 magni
680 313 774 373 oneris
792 304 876 390 qnod·

99 416 243 476 Poeniteus
267 410 383 471 deberet
404 413 485 490 poti,
508 406 687 471 abscedendo
710 408 772 465 sine
788 405 869 465 obso-

98 506 228 579 iutione‚
253 512 304 564 sot
318 486 464 582 repetendi
477 501 682 564 confessionem
695 495 773 578 apud
784 494 868 559 aliun

99 597 281 661 Sacerdotem
297 606 366 669 ;aut
381 595 431 656 diu
444 594 580 656 manendi
596 597 657 653 sine
668 593 757 670 gratis
772 589 870 651 Socra·

100 692 201 752 menti.
215 691 416 771 Quapropter,
429 708 496 749 cum
512 686 559 746 ilie
572 688 608 744 sit
622 696 689 745 tune
703 684 735 743 in
747 679 871 763 quacient

99 781 200 843 morali
210 777 538 860 necessitaterecipiendi
552 774 782 847 absolutionem,
796 781 873 834 ante·

98 894 189 955 qnam
203 875 379 936 occasionem
394 871 492 945 tollat,
509 865 653 948 hebetius
666 875 698 928 ut
713 868 810 927 statim
821 865 873 926 ab·

100 968 230 1029 solvatur
245 974 290 1039 (ι)
303 989 312 1037 ;
330 966 399 1026 dom
412 967 490 1025 enim
504 964 622 1025 hicnon
635 970 810 1043 potestante
822 960 873 1020 ab·

100 1063 270 1122 solutionem
292 1062 470 1120 occasionem
490 1057 626 1129 auferre,
652 1064 787 1117 censetur
806 1054 873 1116 sesi

99 1162 174 1213 esset
189 1154 219 1211 in
234 1152 379 1213 occasione
392 1150 561 1210 necessaria.
586 1146 644 1208 sed
661 1146 779 1208 hocnos
792 1148 873 1206 etiam

100 1242 336 1315 admittendum,
357 1243 380 1301 si
398 1240 544 1301 Ponitens
559 1237 619 1317 jam
634 1239 672 1298 ab
684 1236 742 1299 aiio
754 1236 883 1299 Contu.

101 1339 178 1399 urio
197 1336 269 1397 alias
287 1334 454 1396 admonitus
468 1335 554 1395 suerit
567 1332 604 1394 de
618 1332 765 1395 occasione
783 1349 875 1393 remo-

102 1428 220 1507 venda,
234 1438 263 1490 et
280 1448 339 1490 non
355 1428 520 1508 impleverit
531 1448 540 1500 ;
551 1430 619 1508 quia
633 1424 834 1489 tunchsbetor
845 1432 876 1485 nt

102 1522 265 1597 recidivus,
287 1533 316 1583 et
335 1520 399 1582 ideo
414 1523 515 1602 nequit
532 1520 669 1594 absolvi,
690 1520 746 1581 nisi
767 1517 877 1580 afferret

102 1613 328 1677 extraordinaria
351 1617 430 1694 signa
454 1612 560 1676 doloris
584 1621 668 1694 prout
692 1614 722 1673 in
748 1611 876 1692 sequenti

104 1710 231 1791 capitulo
248 1707 387 1773 dicemus.

143 1807 194 1870 68.
214 1805 275 1866 Hoc
287 1804 410 1865 dicimus
419 1791 516 1882 quinci
529 1804 706 1863 occasionem
719 1805 877 1882 proximam

103 1897 307 1961 voluntariam.
329 1898 369 1957 At
382 1899 405 1956 si
424 1899 532 1957 occasio
550 1907 593 1957 est
617 1899 804 1973 necessaria,
828 1906 877 1959 ant

101 1990 251 2073 physico,
279 2003 363 2074 prout
382 1995 406 2053 si
421 1995 488 2072 quis
504 1990 677 2053 detineretur
699 1993 730 2050 in
750 2012 877 2068 carcere,

104 2092 151 2152 vei
166 2100 240 2152 esset
254 2093 284 2151 in
299 2090 422 2171 periculo
437 2092 556 2163 mortis,
573 2093 602 2149 iu
617 2109 675 2169 quo
690 2108 750 2149 non
764 2087 880 2151 haberet
895 2082 899 2089 ’

104 2199 218 2269 tompus
244 2198 273 2248 et
299 2185 418 2248 modum
444 2186 576 2263 ejiciendi
600 2186 818 2248 ooncnbinam=
837 2185 879 2246 rei

103 2283 284 2356 moraliter,
303 2279 333 2340 id
348 2293 391 2342 est
406 2284 429 2342 si
448 2283 556 2342 occasio
575 2300 635 2342 non
657 2291 754 2360 posset
777 2280 879 2342 auferri

104 2379 168 2437 sine
191 2375 344 2454 scandalo,
365 2386 415 2439 aut
437 2379 516 2456 gravi
532 2374 640 2436 domno
659 2377 749 2452 viter,
778 2375 880 2449 famu,

105 2480 158 2532 aut
173 2454 336 2546 bonicum,
358 2480 390 2532 ut
402 2472 597 2533 communiter
613 2468 716 2531 docent
729 2469 800 2531 nt).
815 2474 879 2543 (u);

106 2585 141 2625 oo
154 2584 221 2626 casu
240 2566 387 2626 Poenitens
404 2567 477 2626 bene
494 2563 604 2625 absolvi
618 2574 729 2645 potest,
748 2567 820 2646 quin
834 2584 883 2624 ου·-

105 2659 248 2717 casionem
267 2658 400 2735 auferat,
427 2661 495 2738 quio
519 2668 588 2718 tunc
606 2677 665 2718 non
686 2668 799 2719 tensior
819 2675 879 2719 eam

107 2770 271 2829 removere,
285 2752 371 2814 modo
385 2755 532 2834 promittat
545 2756 661 2833 exsequi
675 2753 770 2814 media
785 2772 881 2815 neoes·

108 2849 181 2908 saria
198 2845 236 2908 ad
251 2845 434 2910 efficiendum
450 2858 483 2907 ut
495 2848 604 2909 occasio
616 2866 653 2909 ex
670 2850 799 2927 proxime
812 2867 880 2933 eve·

139 3041 183 3100 (r)
199 3037 307 3090 ibidem.
319 3054 383 3092 vers.
397 3037 574 3107 Excipiendus
586 3055 609 3089 2.

145 3135 183 3194 (ι)
201 3131 255 3183 Lib.
270 3136 285 3183 6
291 3168 300 3199 ,
320 3149 395 3217 num·
409 3141 467 3200 ⁴⁵⁵·
