1956 3614
215 203 241 278 §.
268 227 292 263 1.
313 217 400 262 creet
421 220 571 261 orrrcrum
588 219 704 261 errare.
824 201 847 283 5Ι

69 308 124 370 tibi
138 307 509 385 inimicitioraepotaisses
529 323 602 366 cam
626 306 677 365 illo
696 318 723 366 te
739 325 844 385 gerere

67 403 203 477 peiorem
219 400 231 461 i
254 397 337 472 Sed,
360 416 466 475 qaoeso
480 439 489 471 ‚
505 396 713 470 animadverte
725 396 792 472 qais
806 397 846 454 sit

69 493 121 554 liic
135 496 235 554 Jesas.
250 493 312 554 Hic
323 505 365 552 est
379 491 428 551 ille
441 492 577 577 quicum
592 506 667 551 esset
679 493 757 552 Deus
772 493 843 550 nal-

69 587 129 647 lias
143 607 231 666 egens
243 631 254 661 ‚
262 589 371 663 saetas
388 598 433 647 est
444 586 537 650 homo
551 598 676 661 propter
687 596 734 654 te;
751 586 844 645 voluit
874 628 875 631 ,

68 681 151 740 mori
172 681 205 739 in
230 701 346 752 cruce,
374 693 408 739 ut
424 692 451 739 te
471 679 509 738 de
529 679 648 750 inferno
670 678 841 739 redimeret.
895 743 898 747 ,

67 771 208 851 Atafitt!
226 772 253 832 si
268 771 388 832 interim
403 784 551 839 ,mortuus
569 791 668 847 esses,
688 771 715 832 si
731 770 763 833 in
781 772 843 833 liae

68 877 240 942 nocte,quo
252 863 464 938 iturusfaisses
476 857 488 920 l
497 861 550 922 ubi
560 882 643 922 nanc
651 882 731 924 esses
741 856 753 919 l
762 881 841 925 esses

65 959 99 1019 in
114 971 230 1031 (eterno
244 957 311 1035 igne
321 957 441 1036 infimi.
460 955 543 1034 Qaid
555 955 593 1015 de
606 955 840 1030 tesactamerit‚

65 1052 94 1111 si
104 1051 192 1111 vitam
204 1051 352 1111 leactenas
361 1050 503 1123 ductam,
518 1069 628 1129 pergas
642 1049 673 1107 in
684 1061 839 1126 posterum

65 1143 161 1204 vivere
176 1142 189 1201 i
203 1143 320 1218 Poteris
337 1142 380 1203 sic
397 1143 513 1202 salvari
526 1140 539 1199 i
552 1142 797 1220 Expergiscere‚
812 1155 843 1202 et

65 1238 153 1313 vide,
176 1239 259 1316 quod
280 1237 339 1297 nisi
354 1257 453 1297 mores
466 1238 497 1296 in
513 1236 622 1300 melias
637 1239 839 1310 males‚1'am

65 1352 98 1391 es
122 1332 302 1391 damnatas.
328 1328 411 1405 Quid
426 1330 499 1389 boni
509 1351 551 1390 ex
574 1314 618 1389 tot
638 1330 769 1406 peccatis
784 1329 838 1389 tili

64 1423 229 1502 collegisti?
246 1424 319 1482 Non
332 1421 510 1483 consideras
523 1421 607 1497 quad
622 1420 774 1496 duplicem
788 1422 837 1480 ia-

57 1520 188 1593 sernam
202 1517 256 1577 tibi
269 1537 383 1594 paras,
398 1536 494 1576 unam
513 1511 565 1575 tte
581 1514 706 1595 angoris
726 1529 755 1575 et
776 1515 839 1575 mi·

61 1611 173 1685 serice,
197 1613 328 1672 alteram
347 1609 410 1671 illic
424 1628 588 1687 poenarum
609 1606 622 1666 i’
649 1610 737 1688 Age,
753 1607 838 1686 fili,
877 1674 881 1682 ¹

61 1716 164 1764 averte
178 1725 198 1762 a
213 1705 296 1765 malo
310 1745 320 1777 ‚
335 1702 438 1764 desine
449 1722 578 1782 peccare
590 1745 599 1776 ‚
611 1713 639 1760 et
654 1713 681 1762 tc
695 1714 790 1762 totam
804 1703 836 1763 in

61 1797 121 1857 Dei
136 1797 285 1876 brachia,
311 1816 381 1875 qaoe
404 1795 447 1857 ad
469 1809 496 1856 te
518 1795 744 1874 suscipiendam
765 1809 838 1856 sant

59 1904 213 1966 extensa,
228 1891 405 1958 committet
422 1890 538 1972 sufficit
557 1903 707 1967 quantam
721 1892 748 1951 ei
760 1911 835 1968 pec·

59 1981 148 2044 casti.
163 1985 229 2061 Ego
245 1983 313 2042 totis
324 1983 456 2060 viribus,
472 1997 501 2043 el
513 1997 574 2042 toto
590 1981 684 2043 corde
699 1998 726 2044 te
738 1983 834 2061 adja-

58 2094 133 2135 vare
147 2076 237 2145 eolo,·
254 2075 323 2135 veni
335 2076 378 2136 ad
392 2097 441 2136 me
460 2096 585 2153 semper·
601 2095 640 2135 ac
656 2077 710 2134 tibi
732 2078 832 2149 labet,

52 2167 206 2245 quoniam
219 2168 349 2228 invenies
363 2171 489 2228 Patrem
506 2170 559 2244 qai
574 2165 600 2228 ie
615 2168 741 2247 henigne
760 2186 833 2229 sies-

55 2259 154 2336 cipiet.
170 2261 210 2336 Et
222 2258 352 2335 firmiter
362 2281 446 2321 nano
456 2274 554 2320 statue
567 2273 594 2320 {e
605 2276 746 2322 sanctam
758 2263 831 2321 velle

55 2347 148 2428 effici.
163 2351 263 2410 Parte
273 2363 353 2420 stat‚·
372 2353 453 2410 lleas
469 2352 549 2410 enim
564 2371 695 2428 semper
701 2367 831 2428 paratas

54 2454 118 2518 est,
136 2442 219 2503 etad
235 2444 294 2503 icoc
312 2444 366 2502 tibi
379 2447 438 2505 hoc
453 2459 571 2523 tenipus
585 2444 754 2520 impertitas
768 2459 832 2520 est,
854 2450 857 2457 ’

52 2548 89 2597 ut
103 2547 223 2595 avertas
237 2557 256 2596 a
270 2536 353 2595 malo
365 2578 373 2611 2
383 2539 520 2612 etsocias
530 2539 657 2597 bonum.
674 2538 721 2597 Oh
733 2559 827 2616 qaam

51 2629 170 2689 bonam
192 2641 236 2691 est
256 2630 390 2710 amicum
413 2631 525 2692 tatere
542 2631 644 2690 Deam
662 2631 673 2689 l
694 2643 750 2693 ele.
769 2624 781 2699 (Ι
792 2632 825 2694 S.

50 2718 222 2793 Francisras
231 2717 381 2794 salesius,
395 2729 428 2780 ut
440 2721 502 2780 Deo
512 2720 634 2781 alliceret
646 2731 824 2801 peccatores,

48 2800 233 2897 potissipium
246 2812 382 2884 curabat,
402 2823 434 2873 ut
447 2817 500 2894 ipsi
515 2824 712 2892 cognoscerent
726 2835 825 2894 pacem

48 2906 110 2983 q'pa
132 2902 266 2967 iraamm
278 2903 326 2964 illi
344 2909 395 2984 qui
412 2906 476 2967 Deo
500 2907 664 2980 adherent,
684 2916 712 2964 et
733 2909 823 2966 vitem

46 2994 216 3070 infelicem,
238 3017 327 3077 quam
342 2997 421 3060 ducit
435 3003 484 3079 qui
500 3022 516 3061 e
540 3000 602 3057 Deo
617 2998 725 3058 alienus
742 3001 821 3076 est.)

45 3088 148 3150 Postea
167 3088 321 3167 adjuvabit
340 3111 406 3151 euin
431 3093 467 3152 ad
489 3090 591 3152 doloris
614 3101 709 3153 actum
730 3092 817 3156 ellor-
880 3123 881 3127 ¹

635 3188 660 3244 Α
681 3188 698 3246 5
