1956 3608
261 193 288 268 5.
302 210 348 253 ιιι,
370 204 464 256 vum
477 207 622 269 norrun,
636 202 691 256 etc.
813 192 873 276 2'73

97 302 293 381 driusocr‘em
307 304 366 366 Dei
378 304 474 369 mini!
490 305 538 367 Ps.
554 306 605 380 [μ.
621 301 787 384 Quandone
801 308 877 383 erit,

98 398 181 458 Deus
192 398 377 479 mens‚quod
387 408 467 460 tuam
478 398 624 461 infinitam
634 398 878 480 pulchritudinem

98 491 226 567 videbo,
239 502 267 552 et
280 490 352 554 facie
365 491 404 553 ad
419 493 519 555 faciem
533 503 561 554 te
575 493 691 574 diligam
708 494 717 556 i

58 587 61 590 ’
139 587 175 646 ln
189 585 259 647 coeio
273 606 325 663 ego
338 604 451 666 semper
464 596 492 646 te
508 586 632 663 amabo,
656 599 687 649 ru
704 606 818 670 semper
832 597 879 649 rm!

98 681 231 750 amabis3
246 677 284 740 ad
297 681 423 743 invicem
438 682 522 758 igitur
536 683 565 740 in
580 689 719 741 aeternum
734 701 786 742 nos
796 701 879 744 arna·
922 722 930 737 .

99 774 217 850 bimus,
232 773 312 834 Deus
323 793 423 850 meus,
440 793 521 837 amor
533 793 632 850 mens,
645 784 672 835 ei
689 777 797 835 omnia.

107 888 112 897 ’
138 868 210 931 Jesn
228 872 290 944 mi,
315 868 434 950 quando
450 868 601 932 osculabor
614 869 734 931 vulnera
749 888 814 950 quae
829 890 880 952 pro

98 979 147 1022 rue
163 960 305 1022 sustulisti
322 960 330 1022 i
540 1028 542 1033 ,

140 1057 169 1116 0
187 1056 307 1117 Maria!
328 1054 516 1136 quandonam
539 1058 613 1131 erit,
638 1066 670 1118 ut
690 1074 738 1117 me
761 1050 878 1119 videam

99 1149 137 1213 ed
152 1148 239 1231 pedes
253 1148 329 1213 iliius
350 1152 471 1227 Matris,
495 1169 560 1230 quae
580 1160 693 1214 tanturn
709 1169 756 1210 me
769 1154 879 1213 amavit

100 1254 130 1306 ei
145 1243 284 1304 auxiliata
297 1253 341 1304 est
357 1243 365 1302 i

101 1362 117 1389 .·
143 1339 195 1397 Eia
210 1355 294 1415 ergo,
310 1334 456 1398 Advocato
471 1345 589 1413 nostra,
605 1336 669 1399 iilos
690 1346 753 1398 tuos
769 1340 880 1400 miseri-

99 1431 198 1496 cordes
216 1431 310 1493 ocnlos
324 1432 361 1493 ad
379 1452 431 1493 nos
452 1443 609 1508 converte,
633 1443 661 1492 er
675 1433 775 1494 Jesum
790 1435 879 1494 bene-

79 1568 81 1572 ,
99 1524 210 1590 dictum
219 1527 343 1589 fructum
353 1530 463 1590 ventris
472 1529 603 1588 tuinobis
613 1529 735 1607 posthoc
745 1527 878 1592 exsilium

101 1622 233 1685 ostende:
340 1690 343 1695 ,

143 1723 212 1782 262.
232 1717 288 1778 VI.
309 1715 450 1798 Affectus
465 1715 519 1794 qui
535 1714 662 1796 infirmo
675 1716 797 1798 suggeri
807 1734 881 1794 pos·

99 1825 174 1876 sunt
187 1812 263 1872 darm
279 1812 478 1892 Crucfiocum
499 1811 711 1873 deosculatur.

144 1905 316 1966 Dnicissime
329 1905 418 1979 lesu,
435 1925 473 1965 ne
490 1907 619 1984 respicias
633 1903 705 1984 quid
719 1922 770 1984 ego
784 1905 814 1965 in
830 1913 874 1981 te,

99 1996 239 2078 'sedquid
252 2009 282 2058 tu
298 2019 348 2078 pro
362 2018 409 2058 me
421 1999 526 2058 fecisti.

144 2092 303 2154 Recordare
318 2091 396 2175 quod
410 2097 465 2154 sim
479 2115 536 2156 nna
552 2094 704 2157 erroribus
719 2095 776 2155 tuis
791 2134 801 2171 ‚
828 2113 879 2174 pro

78 2268 80 2270 Ι
98 2205 161 2271 qua
179 2197 312 2248 morinus
328 2208 369 2249 es.

143 2283 279 2342 Libenter
294 2291 404 2361 prote,
425 2285 473 2362 qui
496 2303 546 2363 pro
563 2302 611 2344 me
627 2282 878 2364 passnses‚1esu

97 2380 163 2451 mi,
180 2377 294 2437 moriar.
705 2448 710 2457 .

103 2492 105 2497 ·
143 2473 285 2550 Accepto,
300 2469 368 2530 Jesu
384 2471 444 2544 mi,
461 2472 590 2530 consumi
607 2489 657 2549 pro
672 2479 716 2547 te,
736 2471 788 2550 qni
802 2479 878 2532 totus

103 2567 233 2626 consumi
254 2563 367 2644 voluisti
383 2583 506 2644 prome.
943 2632 948 2639 ,

146 2656 291 2731 Domine,
312 2662 419 2734 majora
440 2669 471 2719 tu
491 2679 542 2739 pro
561 2679 628 2735 me,
649 2656 738 2741 quam
758 2679 812 2741 ego
827 2679 879 2742 pro

104 2762 131 2813 te
143 2756 253 2832 palior:
269 2763 298 2812 tu
309 2754 463 2835 innocens,
478 2773 530 2829 ego
544 2766 683 2834 peccator.

146 2844 332 2920 Deosculare‚
347 2843 479 2906 fratermi
493 2845 579 2914 (dioet
588 2843 725 2907 Sacerdos
735 2845 877 2922 infirmo),

102 2938 190 3023 ‘pedes
201 2941 287 3013 ilios,
303 2944 353 3020 qni
370 2951 429 3000 iarn
443 2939 481 3000 ad
497 2951 524 3000 te
537 2934 676 3018 perditam
695 2962 779 3001 ovem
793 2958 877 3021 qnae-

104 3032 223 3093 rendam
237 3041 265 3092 et
280 3030 449 3090 salvandam
465 3030 677 3092 laboraverunt.
693 3033 748 3094 Dic
758 3053 876 3114 quaeso:

102 3125 308 3196 amabilissime
322 3122 513 3204 Redemptor,
527 3123 680 3204 amplector
693 3128 779 3206 pedes
795 3139 876 3208 tuos,

688 3224 770 3287 W:
