1956 3608
152 202 203 280 ,80
382 232 487 274 rnaxrs
505 230 709 274 courussanu.
804 257 805 260 ,

165 316 308 399 quomodo
321 337 351 378 se
363 329 440 396 gerat
453 321 483 378 in
499 318 642 399 capiendis
661 319 933 383 informationibus?

64 354 117 575 s
163 432 193 470 2.
214 411 261 470 An
285 413 466 470 intermiserit
485 413 716 488 interrogationes
735 413 934 492 suggestivas?

163 503 192 563 3.
210 505 256 588 An
272 502 384 562 testium
400 500 590 583 depositiones
602 502 787 580 diminuerit,
815 505 863 565 vel
882 526 934 568 au·

47 578 66 683 s
162 595 260 658 xeriti'
404 596 408 602 ’
572 674 575 683 ¹

27 700 47 1015 ζ
202 692 251 770 57.
271 689 449 771 Septimo,si
460 689 717 763 acceditmedicus,
729 692 934 771 interrogetur,

166 805 192 844 1.
213 805 251 846 an
267 784 341 844 'satis
364 783 447 844 fuerit
467 794 594 844 versatus
610 785 640 843 in
654 783 748 843 studio
762 783 934 865 medicinae,

130 932 133 937 .
162 889 191 941 et
205 882 234 940 in
248 881 331 962 >praxi
346 876 504 939 medendi?
519 898 630 940 necnon
647 899 685 939 an
698 876 827 938 studi-um
846 879 934 940 adbi-

159 975 226 1036 beat
246 980 299 1043 (ut
319 979 454 1043 tenetur)
473 975 503 1031 in
519 973 632 1033 casibus
652 969 858 1033 difficilioribus
881 976 933 1053 qui

160 1065 335 1142 occurrunt?
358 1088 386 1124 a.
413 1065 459 1123 dn
480 1064 564 1125 alicui
590 1066 756 1144 impertierit
785 1065 936 1134 licentiam

157 1160 260 1224 edendi
276 1180 376 1245 carnes
392 1162 429 1220 ob
445 1180 555 1220 merum
571 1159 731 1221 humanum
752 1172 934 1240 respectum,

157 1260 219 1317 sine
234 1259 309 1334 justa
323 1255 432 1317 causa?
447 1256 476 1316 3.
493 1255 539 1314 An
554 1253 670 1334 aliquod
683 1253 871 1335 periculosum
889 1276 932 1316 re·-

157 1349 286 1412 medium
298 1349 482 1430 applicaverit
495 1347 631 1422 infirmo,
646 1367 704 1408 non
716 1347 810 1410 adhuc
823 1347 860 1408 de
871 1352 931 1411 vita

155 1441 302 1524 desperato
325 1447 386 1515 (r)
406 1442 418 1501 ?
437 1445 467 1516 4.
493 1442 539 1501 An
555 1441 640 1502 fuerit
658 1462 742 1502 causa
760 1453 791 1502 ut
806 1443 931 1507 remedia

155 1540 347 1618 acciperentur
360 1537 397 1597 ab
410 1536 507 1616 aliquo
521 1536 738 1617 pharmacopola
753 1557 807 1596 suo
818 1540 930 1617 amico,

155 1651 242 1713 quem
267 1641 364 1691 tamen
383 1632 495 1692 noverit
515 1651 615 1711 parum
642 1649 703 1690 esse
724 1628 858 1706 fidelem,
883 1629 931 1693 vel

155 1729 300 1813 peritum,
314 1735 364 1786 aut
382 1729 491 1813 ineptas
505 1723 628 1785 vendere
642 1723 799 1785 medicinas
814 1724 828 1785 i
842 1725 872 1789 5.
882 1727 931 1787 Au

67 1866 72 1895 2
155 1817 307 1882 attenderit
326 1817 363 1878 ad
383 1816 524 1878 curandus
542 1837 702 1898 pauperes,
720 1820 743 1876 si
758 1815 794 1877 ad
809 1817 862 1879 hoc
876 1820 929 1879 sti«

67 1902 72 1997 ξ
156 1911 293 1995 pendium
306 1909 449 1972 modicum
459 1913 599 1990 exegerit,
612 1911 657 1971 vel
667 1912 728 1971 sine
739 1909 896 1990 stipendio,
905 1912 930 1973 si

156 2026 294 2089 pauperes
307 2006 413 2069 fuerint
427 2007 458 2067 in
471 2007 550 2085 gravi
564 2008 731 2068 necessitate
744 2007 790 2075 (2)
807 2002 820 2063 i
838 2012 869 2074 6.·
881 2004 930 2067 An

60 2104 67 2145 f
155 2104 296 2165 curaverit
306 2121 372 2161 suos
390 2119 504 2163 monere
518 2099 647 2159 infirmos
661 2140 672 2174 ,
685 2107 717 2158 ut
733 2108 859 2177 tempore
874 2097 929 2159 de·

155 2197 215 2257 bito
234 2195 460 2268 confiterentur,
484 2194 565 2270 juxta
589 2200 725 2271 praecepta
753 2190 896 2269 pontificia
914 2191 929 2270 ᾖ·

155 2289 202 2350 De
225 2289 277 2349 hoc
300 2297 405 2368 puncto
419 2284 450 2348 in
466 2285 593 2366 pluribus
617 2288 709 2366 operis
730 2284 797 2345 locis
820 2305 929 2361 serm07

155 2404 223 2449 nem
239 2383 357 2445 lecimus
375 2386 456 2455 (3),
484 2383 533 2440 ubi
552 2380 658 2443 dictum
682 2389 724 2441 est
747 2377 823 2459 quod
838 2380 929 2441 luno.¹
956 2448 959 2453 ,

156 2483 266 2541 centius
280 2477 334 2537 lll.
352 2474 468 2537 medicis
483 2477 612 2555 praecepit
629 2493 666 2534 ne
680 2471 803 2549 alicujus
817 2473 927 2535 inlimol

75 2584 77 2589 '
155 2593 253 2635 curam
286 2574 483 2650 susciperent,
509 2571 564 2627 nisi
592 2569 669 2648 prius
701 2566 748 2626 ille
780 2565 928 2629 confessus
961 2636 965 2643 ¹

154 2665 257 2736 luerit,
270 2673 298 2724 et
308 2664 339 2723 S.
355 2663 422 2722 Pius
431 2663 471 2722 V.
480 2661 654 2722 confirmans
665 2660 720 2721 tale
732 2670 928 2740 praeceptum,

155 2762 270 2840 insuper
297 2753 380 2836 jussit
404 2765 437 2818 ut
466 2754 593 2815 medicus
620 2765 684 2834 post
710 2755 825 2814 tertium
847 2751 944 2823 diem,

189 2949 225 3008 (ι)
241 2946 319 2998 Tom.
330 2946 358 3009 l,
375 2944 421 2998 lib.
436 2902 601 3008 nnuman.
612 2957 636 2995 v.
651 2940 701 3008 Qu.
715 2956 739 2989 2.
814 2994 819 2999 ,
864 2967 867 2971 ·

185 3028 226 3102 ’(π)
244 3039 397 3094 Trullencb.
409 3049 474 3094 torn.
488 3038 517 3100 l,
537 3037 554 3091 l.
568 3048 596 3103 4,
607 3051 628 3087 c
641 3054 664 3087 r.
673 3032 734 3085 dub.
747 3031 832 3093 11,in
844 3029 909 3088 line.

186 3134 225 3200 (3)
241 3135 296 3192 Lib.
310 3137 343 3203 3,
364 3154 438 3192 num.
453 3138 521 3202 182,
541 3142 568 3189 et
580 3131 673 3187 melius
684 3129 729 3182 lib.
741 3131 773 3193 6,
790 3140 817 3185 u·
827 3131 889 3223 664.
