1956 3608
150 228 682 294 cta.rncuurrorrrrrunnrrros,etc.
750 220 803 280 123

36 329 162 392 conscius
175 346 233 388 non
252 336 344 407 posset
358 329 484 388 excrrsari
500 346 516 386 a
530 323 625 386 debito
641 323 807 399 reddendo,

36 431 119 495 tunc,
133 430 263 481 exsecna
283 423 342 497 jam
363 419 595 499 dispensatione,
610 416 716 480 sufficit
730 416 807 499 quod

22 516 91 603 ‚ipse
106 524 202 575 utatur
214 514 312 594 aliquo
325 534 361 574 ex
373 511 465 572 modis
478 533 560 592 supra
572 513 666 575 relatis
680 535 687 585 ;
701 517 808 575 etiam-

37 629 89 690 que
103 606 209 671 sufficit
230 608 309 686 quod
327 611 387 689 ipse
409 606 484 668 solus
506 627 677 668 consensum
701 619 810 689 ponat,

37 726 98 768 cum
115 708 202 786 possit
217 706 246 765 in
263 703 312 764 tali
334 704 501 763 necessitate
522 705 601 782 sequi
619 706 810 780 sententiam,

38 819 98 880 quae
115 797 198 860 docet
213 801 288 858 bene
302 799 438 873 coniungi
457 793 494 854 ad
509 796 725 855 Matrimonium
745 816 814 857 con·

39 891 227 955 validandum
245 908 415 950 consensum
429 908 532 961 suum,
548 909 613 948 cum
625 908 764 948 consensu
777 891 813 949 ab

39 990 117 1050 initio
132 987 257 1066 praestito
275 1004 291 1044 a
310 992 389 1063 parte
408 986 574 1060 ignorante,
589 984 639 1062 qui
655 1003 704 1062 per
719 987 816 1043 conti·

38 1082 203 1142 ouationem
223 1095 292 1135 usus
306 1076 507 1151 Matrimonii,
530 1085 581 1136 aut
597 1075 813 1138 cohabitationis

39 1171 198 1236 virtualiter
212 1179 374 1251 perseverat
393 1174 406 1238 (
427 1178 450 1243 ).

75 1269 130 1332 86.
144 1267 176 1326 Si
186 1277 283 1326 autern
296 1264 564 1324 Poenitenshaberet
576 1263 816 1345 impedimentum

39 1359 222 1443 impediens,
245 1359 351 1421 scilicet
366 1358 402 1419 ad
422 1378 481 1420 non
498 1358 652 1440 petendum
666 1359 818 1439 debiturn,

39 1471 123 1517 causa
149 1447 256 1532 copulae
274 1451 381 1513 habite
402 1471 467 1512 curn
487 1454 698 1530 consanguinea
718 1456 748 1514 in
769 1474 819 1515 se·

39 1548 136 1613 cundo
148 1545 237 1624 gradu
252 1567 309 1606 suae
324 1549 420 1606 uxoris
434 1567 442 1615 3
456 1544 505 1606 hic
519 1568 536 1606 a
549 1548 596 1606 tali
613 1549 819 1627 impedimento

41 1643 114 1705 solvi
129 1640 214 1701 debet
230 1639 274 1701 vel
290 1661 306 1700 a
325 1640 357 1698 S.
374 1640 607 1714 Poenitentiaria,
629 1641 674 1700 vel
687 1644 724 1701 ab
740 1646 821 1724 Epis-

41 1757 132 1819 copo,
154 1746 204 1796 aut
218 1736 255 1796 ab
275 1734 372 1813 aliquo
387 1733 569 1795 Conlesoario
585 1735 703 1812 regulari
718 1740 768 1818 qui
780 1738 822 1800 sa·

41 1831 180 1892 cultatem
201 1828 306 1889 habeat
328 1850 344 1887 a
370 1827 488 1888 Praelato
508 1834 551 1887 sui
574 1830 741 1892 Monosterii
766 1837 822 1908 (a).

42 1923 101 1986 Sed
119 1926 142 1983 si
161 1923 304 1983 Pranitens
321 1924 462 1998 ignoraret
480 1921 568 1998 legem
586 1924 824 2006 ecclesiasticam,

42 2038 110 2100 qne
120 2017 194 2078 ultra
203 2015 334 2077 divinam
346 2013 515 2092 hujusmodi
527 2018 666 2077 incestum
679 2021 825 2098 prohibet,

45 2123 116 2175 tunc
129 2131 189 2173 non
205 2113 320 2172 incurrit
336 2109 574 2192 impedimentum
597 2115 654 2184 (3).
684 2116 826 2193 Quinimo

45 2207 160 2269 etiamsi
173 2205 260 2283 legem
276 2208 377 2280 sciret,
389 2203 438 2266 sed
452 2205 535 2266 talem
549 2209 686 2284 ignoraret
699 2230 826 2291 poenam,

45 2303 135 2363 etiam
151 2309 193 2359 est
210 2298 355 2380 probabile
372 2297 451 2377 quod
466 2319 532 2359 earn
551 2320 609 2361 non
629 2306 753 2366 incurrat
769 2309 824 2380 (4).

46 2395 160 2457 Saltem
177 2396 201 2452 oi
219 2391 375 2474 periculum
387 2401 480 2452 exstat
495 2396 725 2471 incontinentia,
744 2399 828 2458 relin-

47 2486 185 2572 quendos
199 2497 242 2546 est
258 2487 401 2546 Poenitens
414 2488 445 2544 in
460 2505 508 2545 sua
528 2487 602 2546 bona
619 2487 686 2547 fide.

91 2586 143 2661 87.
165 2581 303 2642 Notemus
322 2581 370 2642 hic
390 2580 527 2641 formulas
549 2578 586 2641 ad
604 2583 789 2648 obtinendam
810 2608 826 2649 a

50 2677 85 2740 S.
99 2678 313 2738 Poenitentiaria
329 2676 569 2756 dispensationem
588 2681 617 2738 in
633 2683 755 2760 praelatis
770 2687 830 2744 im.

51 2771 245 2854 pedimentis,
260 2790 372 2831 necnon
386 2773 476 2844 votis,
497 2782 547 2831 aut
566 2775 830 2851 irregularitatibus.

97 2867 181 2927 Circa
195 2864 399 2946 impedimenta
410 2866 608 2941 Matrimonii,
627 2870 705 2928 intus
714 2873 753 2930 sic
764 2874 833 2931 scri-

89 3057 131 3120 (ι)
149 3051 260 3105 Ibidem.
443 3055 480 3114 (a)
498 3052 832 3127 Nrrm.1076.v.1nauper.·

93 3150 133 3215 (3)
153 3145 209 3201 Lib.
219 3150 234 3197 6
245 3181 252 3209 ,
264 3160 340 3197 uum.
355 3159 427 3211 ¹⁰72·
453 3150 491 3213 (4)
509 3146 592 3202 Noni.
605 3161 683 3218 roffi,

666 3233 745 3297 ba.
