1956 3608
119 212 179 283 rol
335 226 440 271 rruxrs
461 227 667 274 corrrssrau.

155 315 204 395 74.
224 313 309 375 Plura
330 326 426 377 autem
441 326 509 379 sunt
524 317 589 380 haee·
603 322 708 402 signa,
726 330 813 400 prout
833 318 881 383 de-

9 416 14 427 '
112 418 178 471 cent
199 408 346 486 DD.(1).
368 410 393 471 1.
417 413 513 489 Major
528 411 609 474 dolor
622 412 824 475 manifestatus
836 434 880 497 per

110 501 250 583 lacrymas
265 502 375 573 (modo
387 507 445 565 sint
459 526 533 567 verae
546 510 819 589 compunctionis),
834 516 880 569 aut

110 614 161 675 per
174 597 261 657 verba
277 618 313 657 ex
326 596 410 659 corde
428 601 627 680 procedentia,
644 620 711 679 quae
727 600 878 682 aliquando
899 594 904 615 ³

109 690 226 751 certiora
247 694 327 769 signa
349 712 439 773 quam
460 693 592 773 lacrymae
613 713 675 755 esse
692 705 824 774 possunt.
841 695 878 755 11.

107 783 205 845 Minor
227 805 365 847 numeros
375 797 560 867 ‘peccatomm
577 787 723 865 (intellige
736 810 804 851 cum
820 789 878 849 Po·

107 880 202 939 nitens
216 880 301 941 luerit
317 885 347 941 in
365 881 473 943 eisdem
495 884 689 944 occasionibus
701 892 730 943 et
746 887 878 945 tentatio·

107 975 193 1033 nibus
207 975 361 1053 peccandi)
378 996 386 1043 ;
404 986 453 1035 aut
467 978 494 1035 si
505 977 650 1037 Poenitens
669 986 734 1056 post
748 978 877 1041 nltimam

104 1064 307 1127 confessionem
325 1070 547 1148 perseveraverit
570 1073 706 1147 ingratia
726 1091 777 1152 per
794 1082 876 1135 nota·

104 1158 161 1219 bile
177 1170 310 1242 tempus,
330 1172 398 1243 pota
413 1183 462 1243 per
476 1185 516 1224 ao
535 1173 586 1223 aut
600 1166 638 1224 25
657 1163 739 1231 dies,
757 1167 818 1245 ipse
830 1168 876 1246 qui

103 1257 181 1332 prius
196 1255 300 1334 pluries
316 1260 346 1317 in
360 1256 540 1319 bebdomada
556 1257 664 1338 prolabi
679 1258 810 1330 solebal;
831 1269 876 1321 aut

104 1365 170 1405 vero
186 1349 210 1405 si
225 1347 322 1426 lapsus
335 1349 421 1408 luerit
438 1358 501 1428 post
517 1369 652 1427 magnam
669 1352 875 1424 resistentiam

103 1448 152 1498 aut
176 1442 262 1500 etiam
284 1444 309 1499 si
333 1451 487 1521 antequam
511 1441 549 1502 ad
569 1442 777 1504 confessionem
797 1464 877 1507 acoe-

101 1529 178 1589 deret
188 1574 197 1603 ,
209 1529 259 1590 diu
271 1552 301 1591 se
312 1533 481 1593 abstinuerit
493 1555 510 1594 a
524 1534 615 1614 culpis
631 1536 812 1599 mortalibus.
824 1536 876 1597 Ill.

102 1624 257 1704 Diligentia
277 1626 405 1689 adhibita
429 1649 479 1709 pro
499 1627 726 1704 emendatione,
752 1640 788 1690 ur
806 1638 876 1693 esset

103 1724 126 1779 si
139 1722 282 1782 Poerritens
294 1720 442 1800 diligenter
456 1726 632 1783 occasionem
645 1726 802 1798 vitaverit,
818 1743 875 1785 rne-

104 1813 150 1873 dia
166 1817 324 1892 prescripta
338 1834 355 1872 a
371 1813 553 1875 Confessario
565 1816 741 1875 exsecutioni
750 1814 875 1875 manda·

103 1909 192 1980 verit,
214 1916 262 1965 aut
281 1909 306 1969 si
327 1904 490 1968 adhibuerit
508 1911 638 1986 jejunia,
660 1926 777 1986 preces,
800 1909 875 1969 eloe*

104 2019 258 2080 mosynas,
278 2010 331 2062 etc.
348 1998 385 2061 ad
406 2002 509 2060 vitium
531 1997 745 2080 extirpandum.
763 2001 819 2063 tv.
842 2001 874 2061 Si

102 2098 162 2174 ipse
176 2097 268 2175 petita
284 2094 463 2154 confessario
476 2093 617 2168 remedia,
634 2102 684 2154 aut
693 2113 770 2155 nova
781 2093 872 2155 media

103 2187 140 2247 ad
168 2185 396 2246 emendationem
419 2207 427 2256 ;
452 2188 520 2245 item
545 2189 568 2245 si
593 2190 732 2265 promittit
757 2188 873 2268 implere

102 2278 195 2339 media
212 2300 275 2357 quae
293 2288 361 2338 tunc
378 2281 403 2339 ei
422 2282 544 2357 suggerit
562 2279 786 2353 confessarium
812 2303 872 2342 ma·

99 2378 176 2435 xime
202 2377 226 2433 si
246 2393 396 2452 nunquam
419 2377 545 2433 monitus
563 2373 647 2433 luerit
668 2374 705 2433 ad
729 2375 776 2435 illa
792 2375 871 2435 adbi-

100 2470 193 2531 benda
205 2492 213 2541 ;
224 2468 272 2529 sed
282 2469 327 2529 his
337 2471 676 2548 promissionibuseenseo
686 2488 745 2528 non
753 2474 872 2531 omnino

100 2563 267 2638 sitiendum,
281 2567 304 2621 si
318 2564 373 2622 alia
385 2566 462 2640 signa
476 2562 588 2631 desini3
603 2583 667 2624 cum
680 2562 869 2640 Poeoitentes,

29 2690 32 2695 ·
95 2668 128 2719 ut
147 2656 352 2715 absolutionem
370 2667 505 2734 carpant,
526 2656 607 2716 facile
622 2659 806 2735 promittant,
820 2657 868 2719 sed

96 2764 192 2836 postca
211 2748 362 2811 difficulter
376 2749 536 2810 attendant.
554 2752 595 2810 V.
615 2751 780 2829 Spontanea
802 2773 869 2813 oon-

94 2853 199 2924 iessio,
220 2867 323 2926 nempe
339 2849 362 2905 si
386 2846 528 2905 Poenitens
550 2844 657 2906 accedit
676 2866 734 2906 non
753 2849 814 2923 jam
830 2846 868 2908 ad

96 2942 274 3024 implendum
286 2948 454 3021 preceptum
470 2937 623 3017 l’ascbale,
640 2958 780 3024 nequeex
794 2960 867 3021 quo·

129 3135 166 3192 p)
183 3130 243 3184 Lib.
257 3134 289 3190 6,
305 3145 380 3181 num.
393 3134 451 3193 too
