1956 3608
269 213 294 287 §.
310 233 353 276 rv.
368 230 455 274 cruca
469 234 583 277 sonrcrs
597 236 757 282 orreorum.
856 227 896 305 67

134 326 230 378 sutem
253 323 437 381 retentionem
461 324 517 392 rei,
541 344 606 384 cum
630 322 774 387 Poenitens
798 347 849 408 pro
872 347 904 388 se

131 411 218 473 habet
235 413 408 493 probabilem
426 418 590 496 opinionem
608 439 674 480 curn
693 419 816 498 legitima
836 441 904 502 pos·

128 506 275 581 sessione,
298 525 356 566 non
374 517 466 587 potest
487 528 503 568 a
527 508 706 571 confessario
723 511 841 590 obligari
864 511 902 573 ad

126 600 336 658 restitutionem
353 603 408 673 (r).
437 599 502 660 Imo
517 604 567 680 qui
587 603 692 682 incepit
710 603 853 684 possidere
870 606 902 666 in

124 691 204 754 bona
221 691 279 753 iide
291 692 418 774 aliquam
433 713 511 768 rem,
533 704 595 774 post
606 694 783 773 diligentiam
796 698 901 760 iactam

121 785 164 847 sd
182 789 334 847 veritatem
349 786 579 863 inveniendam,
599 804 657 850 non
672 799 785 851 tenetur
798 791 835 852 ad
848 792 902 853 ali·

120 879 200 962 quid
214 877 441 957 restituendum,
457 882 513 940 nisi
526 889 619 942 certus
635 881 685 942 iiat
698 881 733 941 de
747 885 808 959 jure
823 883 903 964 quod

116 975 262 1053 proximo
274 975 427 1052 competit,
448 983 479 1033 ut
496 975 526 1033 in
547 973 675 1053 pinribns
694 973 761 1036 locis
773 977 903 1055 probavi.

118 1067 218 1148 Quod
239 1069 262 1128 si
286 1070 468 1129 restitutionis
489 1069 621 1147 obiigatio
641 1079 716 1130 esset
733 1081 832 1147 certa,
851 1071 902 1132 sed

117 1162 273 1223 Poenitens
288 1172 413 1223 maneret
429 1165 460 1223 in
477 1164 550 1224 bona
567 1164 645 1240 tide,
662 1175 690 1224 et
704 1163 903 1226 Conimsarius

118 1266 201 1317 certe
217 1254 610 1339 praevideret‘correptionem
625 1277 683 1317 non
700 1257 896 1337 profuturam,

118 1358 196 1411 tunc
218 1347 302 1410 debet
328 1338 559 1424 eam'omittere,
574 1371 611 1411 ne
626 1354 782 1432 peripsum
796 1351 848 1412 fiat
867 1361 902 1414 ut

121 1439 203 1520 quod
211 1449 254 1499 est
265 1449 410 1518 peccatum
418 1440 577 1515 materiale,
585 1441 690 1502 evadat
700 1442 819 1503 formate
828 1463 896 1504 curn

121 1536 249 1614 pernicie
264 1533 340 1593 iliius
354 1536 480 1609 animae,
502 1544 534 1594 ut
547 1533 647 1594 dicrmt
658 1535 727 1594 DD.
745 1539 804 1606 (2).
823 1536 902 1596 Vide

121 1626 220 1700 dicta,
240 1649 311 1705 cop.
328 1647 451 1703 1,num.
466 1625 523 1686 det
534 1645 566 1704 9.
581 1627 715 1704 Denique
724 1627 819 1706 quoad
827 1627 903 1688 obii·

120 1724 267 1800 gationem
288 1721 475 1782 restitutionis
498 1724 606 1781 ratione
622 1730 800 1794 contractus,
819 1743 902 1804 opor·

124 1824 165 1875 tet
180 1816 250 1877 aiios
261 1813 430 1889 consulere,
448 1812 527 1873 tibris
541 1813 672 1888 studere,
691 1805 719 1874 et
734 1824 829 1896 postea
850 1813 902 1875 de·

124 1907 229 1970 cidere.
252 1907 408 1986 Reliquum
430 1916 472 1966 est
500 1917 532 1966 ut
555 1907 601 1968 hic
619 1906 805 1981 advertatur,
822 1906 901 1987 quod
956 1918 959 1924 ’

96 2002 112 2029 “
127 2005 151 2062 si
166 2006 343 2082 reperiantur
357 1998 445 2079 aliqui
461 2007 621 2060 contractus
639 2020 694 2059 usu
711 2020 760 2080 per
783 2000 901 2079 longum

128 2106 241 2176 tempus
256 2096 357 2174 recepti
373 2094 403 2153 in
417 2092 512 2173 aliqua
528 2094 664 2170 regione,
688 2094 737 2153 ubi
754 2096 902 2173 precipuae

127 2191 275 2250 missiones
297 2188 380 2250 factae
406 2197 495 2263 sunt,
517 2187 715 2253 confessarius
736 2205 795 2246 non
817 2183 902 2248 debet

128 2303 175 2345 eos
195 2283 410 2356 condemnare,
436 2283 492 2341 nisi
516 2283 593 2360 prius
610 2282 744 2342 omnibus
767 2282 902 2360 inspectis

128 2377 370 2451 circumstantiis,
393 2372 535 2453 siquidem
559 2377 651 2452 primo
675 2381 790 2454 aspeetu
817 2374 901 2435 multi

129 2479 287 2530 contractus
306 2475 444 2548 apparent
464 2468 607 2541 usurarii,
635 2475 685 2525 ant
707 2466 827 2540 injusti,
850 2465 900 2525 sed

130 2571 249 2641 postea,
267 2561 369 2620 meiius
384 2561 468 2620 rebus
487 2561 650 2639 perpensis,
671 2559 740 2620 tales
757 2578 817 2619 non
832 2568 901 2621 sunt

129 2653 264 2716 habendi.
277 2653 359 2714 Circa
373 2662 468 2714 autem
482 2655 621 2715 bonorum
638 2654 900 2736 prescriptionem,

130 2750 247 2812 observa
273 2747 381 2808 librum
406 2748 463 2820 (3).
496 2818 502 2831 ·

164 2935 200 2994 (r)
219 2931 249 2983 L.
267 2949 298 2994 r,-
312 2947 388 2983 num.
400 2935 460 2998 669.

163 3031 199 3086 (α)
218 3024 273 3077 Lib.
286 3029 317 3088 6,
337 3039 413 3076 num.
425 3028 482 3072 612.
496 3040 522 3075 v.
535 3023 618 3089 infer.
629 3022 663 3076 ii.

162 3121 202 3183 td)
217 3118 274 3172 Lib.
287 3119 302 3171 3
314 3156 322 3184 ,
334 3132 367 3171 ex
381 3132 455 3171 num.
469 3122 527 3184 tot.
559 3117 565 3143 ”
647 3140 650 3145 ·
