1956 3608
98 232 138 294 qo
319 230 422 274 enixis
444 230 647 276 courssstmr.
750 285 760 292 .

98 331 149 383 aut
162 323 344 400 cogitationes
360 331 455 403 turpes
469 325 499 383 in
519 319 686 401 hujusmodi
705 324 860 398 occasione,

99 414 168 473 dum
183 426 447 496 omnesraspectus,
467 426 495 477 et
512 417 650 498 colloquia
665 435 783 498 sponsos
797 418 862 478 inter

99 517 166 568 sunt
182 509 326 571 incentiva
348 507 384 570 ad
403 509 598 590 peccandum:
614 519 713 590 estque
727 510 864 573 moraliter

1 677 5 685 Ι
99 600 273 681 impossibile
296 605 373 684 ipsos
396 606 520 666 invicem
551 607 737 679 conversari,
761 614 791 665 et
809 622 863 666 non

97 694 202 752 sentire
216 693 349 756 stimulos
366 693 404 755 ad
424 715 472 756 eos
495 705 591 776 turpes
608 704 708 770 actus,
725 697 777 776 qui
796 705 866 758 tem-

98 804 165 865 pore
177 788 351 847 matrimonii
366 784 470 848 deinde
483 784 631 849 succedere
645 786 762 848 debent.

137 875 188 939 65.
209 878 385 940 Generaliter
409 890 505 940 autem
528 877 672 959 loquendo
693 876 731 938 de
754 877 867 940 adoles·

97 971 227 1029 centibus
248 971 277 1028 ἅ
305 969 406 1049 puellis
430 973 480 1050 qui
504 973 627 1032 invicem
650 989 680 1029 se
707 968 868 1045 adamant,

97 1064 203 1142 quippe
217 1081 276 1121 non
295 1073 363 1123 sunt
378 1066 424 1126 isti
443 1080 542 1123 omnes
558 1062 722 1125 indistincte
738 1062 775 1124 de
794 1066 868 1141 gravi

97 1152 179 1236 culpa
194 1152 373 1232 damnandi,
397 1155 446 1217 sed
461 1155 602 1218 ordinarie
616 1166 687 1237 puto
702 1160 780 1237 ipsos
795 1155 869 1218 diffi-

98 1249 187 1310 culter
200 1271 261 1311 esse
274 1262 360 1312 extra.
371 1255 545 1314 occasionem
560 1255 721 1332 proximam
732 1251 870 1314 lethaliter

99 1345 245 1423 peccandi.
267 1347 301 1406 ld
315 1350 438 1407 nimium
453 1350 625 1427 experientia
643 1355 737 1426 patetr
753 1366 824 1408 uam
838 1366 873 1408 en

1 1483 2 1488 ,
99 1447 212 1495 centum
238 1437 463 1498 adolescentibus
486 1440 537 1498 vix
560 1436 687 1498 ducant
708 1446 765 1498 tres
787 1442 818 1500 in
839 1459 871 1500 ea

98 1533 244 1590 occasione
264 1551 280 1590 a
306 1531 473 1592 mortalibus
493 1534 677 1591 invenientur
702 1533 869 1605 immunes;

1 1669 3 1698 ,
99 1630 128 1681 et
153 1625 257 1684 sinon
283 1627 312 1685 in
339 1628 497 1707 principio,
530 1625 630 1685 saltem
647 1627 678 1685 in
703 1645 872 1706 progressu3

1 1741 2 1751 ¹
100 1712 169 1775 tales
190 1720 267 1776 enim
289 1715 457 1778 adamantes
473 1719 551 1798 prius
571 1725 777 1778 conversantur
792 1720 872 1778 invi-

1 1801 2 1824 ³
99 1829 162 1870 cem
189 1812 225 1869 ob
253 1813 492 1890 propensionem,
526 1807 631 1870 deinde
659 1813 812 1891 propensio
841 1811 873 1872 fit

100 1904 210 1980 passio,
223 1912 252 1961 et
262 1905 364 1982 passio,
376 1913 526 1983 postquam
540 1902 663 1964 radicem
674 1905 703 1962 in
712 1902 797 1964 corde
806 1904 874 1966 fixe·

101 1997 157 2066 rit,
174 2005 299 2056 mentem
315 1998 503 2073 obtenebrat,
516 2006 544 2056 et
558 2015 605 2056 eos
616 1998 645 2054 in
659 1994 738 2055 mille
751 1999 872 2058 crimina

7 2141 9 2146 .
101 2105 180 2147 ruere
194 2087 271 2148 lacit.
291 2089 365 2148 l‘linc
379 2088 531 2149 cardinalis
545 2088 626 2149 Picus
637 2087 673 2147 de
688 2082 873 2166 Mirandola,

102 2182 257 2260 Episcopus
271 2181 466 2256 Albanensis,
489 2182 518 2239 in
533 2200 584 2241 sua
600 2179 711 2247 dioecesi
728 2200 779 2261 per
792 2181 874 2244 edic-

101 2283 160 2330 tom
177 2294 242 2332 suos
257 2273 408 2334 admonuit
423 2274 641 2346 Confessarios,
661 2273 783 2359 natales
798 2274 873 2336 ada·

101 2378 212 2426 mantes
233 2368 436 2444 absolverent,
461 2371 501 2444 si,
524 2377 675 2449 postquam
699 2379 740 2428 ter
761 2370 872 2431 abillis

100 2462 159 2539 jam
175 2462 280 2524 luerint
292 2462 432 2524 admoniti
445 2505 454 2538 ,
469 2464 506 2523 ab
520 2460 686 2539 hujusmodi
698 2482 795 2524 amore
809 2485 873 2526 sec-

101 2557 188 2617 tando
216 2578 274 2618 non
307 2560 534 2631 abstinuissent,
565 2561 719 2636 praesertim
746 2567 872 2640 tempore

100 2658 259 2723 nocturno,
279 2661 330 2710 aut
347 2651 416 2724 diu,
435 2660 483 2712 aut
502 2650 596 2725 clam,
615 2659 665 2710 aut
681 2653 755 2711 intra
770 2651 872 2714 domos

100 2750 186 2814 (cum
204 2743 279 2805 sacili
298 2745 421 2824 peniculo
434 2743 594 2805 osculorum
609 2785 618 2819 ,
646 2754 674 2804 et
691 2755 844 2822 tactuum)
861 2789 872 2824 ,

100 2847 150 2900 aut
163 2847 259 2897 contra
273 2845 424 2916 parentum
438 2844 693 2916 prae'ceptum,-aut
703 2838 869 2921 cumaltera

101 2949 164 3008 pars
178 2932 333 3008 prommpit
344 2930 373 2986 in
385 2929 471 2987 verba
484 2927 602 2986 obscena
618 2967 627 3001 ,
645 2936 694 2986 aut
708 2949 774 2989 cum
786 2949 871 2991 scan·

100 3021 165 3080 dalo
181 3028 281 3100 (prout
292 3025 316 3081 si
328 3025 357 3082 in
373 3020 486 3084 ecclesia
496 3027 529 3095 ),
545 3028 674 3080 autenm
690 3021 869 3099 conjugatis,

98 3111 629 3190 claustralibus,autc'lericisinsacris.
640 3111 715 3171 Elin
724 3111 870 3194 bocgeue-
