1956 3608
302 216 329 289 §.
349 236 374 275 1.
395 234 460 281 eurr
474 234 602 291 rernm,
618 225 671 278 eir.
817 222 869 279 r'dr

144 344 195 405 9²·
213 324 293 389 Circa
311 347 378 388 vero
394 339 500 389 stalum
523 328 560 389 ab
578 326 674 406 aliqno
697 321 874 385 adolescente

99 418 282 497 eligendum,
312 442 371 482 non
401 422 503 483 andeal
526 422 722 482 Confessarius
739 419 873 481 illurnei

99 511 305 594 delerminare‚
317 516 365 591 sed
379 526 490 576 lanium
502 536 536 577 ex
547 515 657 576 indiciis
667 526 745 577 curel
753 513 875 575 suadere

99 607 305 667 statuminum
320 607 455 687 adquem
472 606 623 688 prudenter
640 607 763 683 judicare
782 616 874 688 poteri

99 698 194 777 ipsum
213 720 231 760 a
247 700 311 760 Deo
327 703 431 761 vocari.
461 700 645 772 Praeserlim‚
670 698 811 778 loquendo
835 697 873 757 de

99 789 134 847 iis
154 793 204 869 qni
224 791 386 868 religionem
407 790 519 867 aggredi
542 790 663 865 volunt,
689 799 756 848 anie
776 793 872 849 omnia

99 896 179 946 emet
209 886 409 946 confessarius
434 888 506 946 hene
531 884 683 964 ponderare
708 887 738 943 in
758 885 873 965 qualem

86 979 265 1058 'religionem
299 980 404 1057 ingredi
432 984 550 1061 cupiant
569 1003 577 1053 ;
599 1000 666 1041 narn
692 981 715 1039 si
741 998 873 1060 unquam

98 1075 264 1133 inslilumm
277 1072 347 1132 illud
361 1075 517 1136 relaxatum
533 1086 593 1150 esi,
610 1074 711 1135 melius
725 1077 777 1133 erit
788 1072 872 1135 alieni

100 1165 262 1236 (ordinarie
277 1168 440 1248 loquendo)
459 1169 537 1249 qnod
552 1172 582 1229 in
600 1170 693 1231 seculo
707 1179 872 1239 remaneal;

97 1282 169 1322 nam
189 1262 230 1321 illi
253 1282 282 1324 se
299 1262 499 1342 aggregando,
526 1268 633 1343 ipsese
654 1274 730 1341 geret
751 1267 823 1325 sient
842 1282 873 1321 re

98 1366 201 1436 gerunt
212 1356 260 1418 alii
272 1403 281 1433 ‚
294 1369 320 1416 ei
332 1378 430 1438 parurn
443 1357 514 1418 illud
529 1361 595 1419 boni
610 1359 687 1439 qnod
702 1362 779 1440 prius
791 1378 872 1418 exse·

100 1453 258 1531 qnebaiur‚
274 1449 309 1510 de
323 1452 397 1512 facili
412 1455 441 1513 in
457 1453 505 1512 lali
524 1453 656 1531 religione
674 1453 816 1531 negliget,
840 1462 872 1512 nl

99 1550 200 1609 misere
223 1548 352 1628 pluribus
373 1548 485 1609 accidit.
517 1551 554 1608 lii
572 1553 708 1628 praecipue
732 1570 870 1626 magnum

98 1642 264 1722 mrupnlum
285 1644 337 1701 sibi
354 1642 439 1702 saciat
457 1644 670 1710 Cnnl'essarins,
690 1647 732 1715 ri,
747 1643 784 1701 ad
800 1648 870 1702 insi-

98 1739 263 1797 nuationem
288 1741 533 1817 propinquorum,
565 1734 683 1796 snadeal
707 1740 806 1814 juveni
829 1738 869 1796 illi

98 1841 131 1893 ni
143 1835 230 1891 iniret
247 1834 277 1889 in
300 1831 425 1910 aliquam
440 1830 607 1909 hujusmodi
625 1833 871 1893 inobservanlinm

98 1931 345 1989 communitatem.
383 1927 414 1985 Si
449 1938 543 1987 lamen
571 1930 666 2005 religio
691 1932 872 1989 observanda

97 2020 204 2096 ilorci,
229 2021 427 2080 Confessarius
450 2026 627 2082 vocaliorem
648 2024 691 2080 sui
704 2022 872 2081 Poenilenlis

98 2114 172 2173 bene
183 2115 297 2195 probel,
311 2112 483 2194 inquirendo
493 2116 514 2173 ri
531 2114 566 2175 ad
579 2113 658 2173 illam
668 2113 772 2173 habeat
783 2114 873 2172 Pteni-

97 2205 872 2286 iensimpedimentnmaliqrrndinhabililaiininfirmae

98 2297 293 2373 valetudinis,
305 2301 415 2383 inopie
432 2300 603 2375 parentum?
622 2311 650 2359 et
669 2302 795 2360 maxime
815 2320 871 2359 ex-

98 2391 205 2472 pendat
223 2391 337 2466 linem,
361 2412 400 2451 an
424 2394 447 2450 si
470 2404 583 2465 reclus,
605 2413 708 2469 nempe
733 2396 820 2470 magis
840 2412 872 2452 se

98 2484 289 2563 conjungendi
301 2486 379 2561 Deo,
387 2495 437 2547 ant
447 2484 541 2566 lapsus
552 2485 723 2546 emendandi
735 2497 870 2548 anienem!

99 2582 182 2652 vitae,
203 2588 254 2638 aul
268 2580 354 2641 seculi
369 2581 489 2661 pericula
506 2580 638 2642 vitandi?
653 2581 738 2661 erod
753 2586 776 2642 si
793 2586 870 2665 prin·

98 2673 197 2754 cipalis
211 2672 276 2732 finis
291 2686 363 2734 esset
377 2677 556 2751 mundanus,
575 2680 663 2738 vitam
677 2678 777 2755 egendi
789 2698 870 2736 eom·

99 2768 254 2828 molliorem
267 2812 276 2843 ,
291 2778 341 2829 ant
359 2791 389 2830 se
415 2771 551 2832 liberandi
576 2795 591 2832 a
608 2777 773 2852 propinquis
788 2772 870 2830 dure

100 2859 287 2934 conditionis,
305 2872 354 2923 ant
377 2863 569 2945 complacendi
599 2868 786 2943 parenlibns,
818 2864 870 2940 qni

100 2954 136 3014 ad
150 2955 203 3017 line
218 2978 284 3016 enm
304 2960 467 3037 impellunt,
487 2971 585 3020 caveat
596 2980 633 3015 ne
648 2961 791 3036 permillat
806 2957 870 3017 reli-

100 3050 209 3125 gionem
222 3051 329 3128 ingredi
346 3072 354 3121 ;
372 3071 441 3110 narn
457 3071 490 3110 eo
506 3071 571 3111 casn
594 3050 641 3109 illa
660 3070 717 3112 non
736 3061 777 3110 est
802 3071 868 3111 vera

101 3149 232 3224 vocatio,
252 3148 313 3206 sine
333 3165 389 3227 qua
407 3143 576 3228 hujusmodi
598 3147 747 3229 ingressae
765 3146 888 3207 malem
934 3212 938 3221 Ι
