1956 3614
244 198 331 270 §.1v.
352 213 438 257 cunct
455 218 568 259 suurcrs
583 218 740 262 ornacum.
835 199 874 265 65

108 302 196 361 fuerit
216 304 272 374 (ι).
287 305 316 364 3.
334 301 365 362 si
380 303 488 363 furtum
502 314 545 364 est
562 308 700 366 incertum
716 328 723 364 :
739 324 843 384 nernpe
857 310 881 366 si

109 397 214 456 incerta
226 405 268 456 est
279 415 396 474 persana
406 400 452 459 cui
464 398 573 459 illatum
585 410 628 460 est
639 400 796 472 damnum,
811 400 883 461 obti-

109 488 220 565 gandus
229 500 271 551 est
286 490 430 551 Poenitens
443 488 480 552 ad
495 493 700 554 restituendum
714 505 764 555 aut
776 495 881 555 Missas

108 582 247 641 celebrare
258 582 403 658 faciendo,
420 593 470 644 aut
486 584 679 664 eleemosynas
690 589 880 667 pauperibus,

107 684 158 734 aut
172 677 225 754 piis
240 674 307 736 lucis
324 674 485 753 elargiendo
506 683 577 749 (2);
600 689 628 739 et
648 683 670 738 si
694 683 754 759 ipse
773 699 880 760 pauper

106 778 167 840 est,
189 778 281 848 potest
293 771 369 844 sibi,
391 780 441 830 aut
457 791 514 830 suae
530 772 645 832 familiae
662 774 803 853 applicare
822 777 879 845 (3).

105 859 163 920 Sed
179 864 202 921 si
217 881 337 941 persona
352 871 395 920 est
408 872 499 936 certa,
523 862 607 923 debet
625 863 692 926 huic
713 865 773 925 fien'
795 869 880 927 resti-

106 957 190 1013 tutio.
216 956 314 1032 Quare
326 957 429 1015 mirum
441 955 559 1035 quidem
572 967 614 1017 est
624 967 664 1017 tot
680 961 790 1038 reperiri
801 960 881 1020 Con-

104 1046 236 1107 fessarios
250 1057 308 1107 tarn
323 1050 484 1127 imperitos,
499 1053 562 1130 qui,
572 1071 637 1111 cum
652 1054 832 1131 sciaturquis
842 1055 880 1114 sit

104 1140 244 1217 creditor,
267 1141 475 1202 Poeniteutibns
492 1146 664 1222 imponunt,
682 1153 714 1204 ut
727 1143 763 1204 de
778 1166 806 1206 re
820 1152 880 1208 res-

103 1233 235 1295 tituenda
250 1235 443 1313 eleemosynas
461 1247 593 1313 erogent,
615 1247 664 1296 aut
679 1239 783 1298 Missas
801 1240 879 1300 cele·

94 1329 188 1388 ‚beare
202 1327 315 1389 faciant.
340 1329 375 1388 ln
388 1348 421 1387 eo
435 1349 503 1389 casu
517 1349 567 1407 ego
582 1326 657 1391 hanc
675 1329 789 1391 defendi
808 1351 879 1392 seu-

104 1424 222 1482 tentiam
239 1426 311 1497 (4),
335 1421 523 1483 Poenitentem
543 1425 645 1482 iterum
661 1426 748 1483 teneri
762 1422 799 1484 ad
818 1445 878 1485 res·

103 1513 266 1575 tituendum
280 1535 288 1582 ;
310 1516 379 1593 quia
394 1513 441 1573 fur
453 1517 482 1573 in
494 1517 627 1574 omnibus
641 1517 772 1585 casibus,
789 1520 876 1577 etiam

101 1606 245 1681 fortuitis,
272 1604 358 1667 debet
377 1604 493 1666 reddere
517 1606 667 1666 dominum
686 1606 873 1679 indemnem:

100 1717 154 1759 nee
182 1698 358 1778 acquiescere
384 1699 463 1778 potui
490 1699 616 1776 opinioni
644 1696 781 1758 adversa.
808 1700 875 1761 Dixi

100 1787 242 1849 duntaxat
255 1791 310 1863 (5)
326 1787 440 1868 quodsi
460 1787 533 1847 furta
552 1799 645 1849 essent
661 1791 793 1863 minuta,
812 1789 877 1853 licet

100 1883 186 1942 sirnul
212 1885 291 1942 unita
306 1879 343 1942 ad
359 1901 492 1956 magnam
514 1901 658 1942 summam
681 1858 874 1959 aivenerint,

98 1987 129 2037 et
143 1978 253 2036 etiarnsi
270 1975 379 2037 domini
399 1985 492 2035 essent
504 1979 569 2036 certi
582 2019 591 2051 ,
604 1976 653 2036 sed
669 1978 772 2037 diversi
784 2020 795 2051 ,
807 1988 875 2040 tuuc

93 2090 264 2131 excusarem
284 2091 300 2131 a
322 2078 435 2151 peccatu
448 2072 611 2146 gravisum
624 2073 675 2150 qui
690 2070 776 2132 vellet
790 2077 876 2132 resti-

98 2173 180 2225 tuere
194 2165 383 2243 pauperibus,
403 2172 515 2244 propter
531 2165 669 2225 rationem
685 2163 724 2224 ibi
739 2163 873 2240 allatam

99 2265 130 2317 et
142 2259 227 2319 etiarn
242 2279 259 2318 a
274 2258 402 2329 veniali,
419 2259 441 2316 si
457 2257 633 2317 rationabilis
647 2279 731 2320 causa
744 2257 873 2335 adesset,

98 2360 184 2431 prout
199 2352 221 2409 si
237 2352 377 2410 restitutio
395 2349 456 2409 fieri
472 2369 530 2409 non
552 2361 645 2428 posset
665 2350 788 2411 dominis
811 2357 874 2416 sine

97 2445 218 2507 notabili
232 2442 436 2518 incommodo,
461 2454 511 2503 aut
533 2449 556 2504 si
578 2445 665 2523 aliqui
685 2466 821 2526 pauperes
841 2453 872 2509 in

98 2559 131 2599 ea
147 2549 241 2600 essent
255 2543 443 2611 necessitate,
462 2549 495 2599 ut
511 2551 748 2619 praesumerentur
762 2541 872 2604 donnini

98 2637 278 2710 consentire,
300 2643 333 2696 ut
352 2633 408 2693 iltis
424 2634 503 2695 fieret
521 2636 660 2696 restitutio
675 2638 732 2711 (6).
756 2637 788 2699 Si
806 2643 872 2720 quis

71 2828 74 2833 '
135 2822 174 2882 (ι)
192 2817 220 2868 t..
232 2816 257 2881 l,
271 2833 299 2869 n.
312 2833 372 2880 too,
385 2817 470 2872 infin.
482 2826 509 2871 et
521 2820 586 2881 ιη’»,
600 2835 676 2871 num.
691 2827 755 2885 554,
767 2821 857 2872 influe

136 2912 479 2980 (2)L.3,n.589,infin.
547 2915 756 2979 (3)Nuru.672.

100 3007 568 3075 '(4)L.1,nuuu·39.v.Quidsi.

137 3107 174 3167 (5)
192 3103 219 3154 L.
231 3108 262 3166 5,
276 3118 350 3155 num.
361 3100 418 3168 534.
429 3101 481 3171 Qu.
491 3100 524 3155 ll.
558 3105 597 3168 (5)
615 3104 694 3155 Num.
708 3108 769 3172 ⁵9⁵·
782 3090 867 3159 iu'fin.
