1956 3608
55 40 140 103 W.

205 231 234 304 §.
247 249 281 290 11.
296 245 499 313 nnonaaronn
511 232 706 308 comum,
719 243 774 295 etc.
817 242 872 314 187

100 338 291 400 matrimonii
303 339 487 418 spiritualis,
507 360 658 422 perquam
672 345 769 403 anima
784 351 875 403 trans·

101 427 238 489 lormatur
256 433 286 490 in
309 430 405 490 Deum
425 430 602 492 etfitunum
619 431 771 513 quiricum
790 433 876 508 Deo,

101 519 200 581 eodem
217 522 302 583 modo
311 544 370 604 quo
384 541 436 583 vas
450 543 533 602 aqua
549 525 674 586 inlusum
692 530 764 587 mari
776 525 875 586 evadit
903 510 906 519 ¹

101 631 192 674 unum
204 636 269 677 cum
283 637 358 696 aqua
374 619 470 681 maris.
487 617 523 677 Et
537 615 743 679 advertendum
755 619 801 681 hic
813 629 875 695 est,

100 705 215 785 quadiu
225 709 517 789 reliquisunionibns,
532 719 564 768 ut
576 709 731 788 loquuntur
740 716 849 791 mystici
861 754 873 787 ,

99 804 544 882 putentiaeremanentsuspensae
555 823 562 872 ;
573 802 742 862 inhaesero
756 806 876 864 minime

99 892 333 971 suspenduntur,
347 895 485 972 quoniam
495 896 628 972 potentiae
638 891 876 972 purificataeasna

99 984 308 1060 sensibilitate,
327 997 354 1045 et
372 985 588 1061 materialitate,
610 990 668 1063 jare
687 985 791 1046 effectae
809 995 877 1046 sunt

72 1150 75 1154 A
98 1097 220 1158 capaces
236 1077 341 1140 divina
365 1081 501 1140 unionis:
522 1084 560 1140 ita
585 1090 617 1140 ut
639 1080 773 1140 voluntas
798 1088 877 1141 amet

99 1171 196 1230 Deum
206 1192 289 1231 suum
300 1171 488 1252 placidissime
496 1195 504 1243 3
512 1173 672 1232 intellectus
681 1183 877 1250 rectecognus·

98 1275 164 1339 cat,
180 1273 209 1324 et
219 1263 347 1324 attendat
356 1263 425 1325 huic
438 1267 546 1325 intima
558 1263 664 1324 <livinae
675 1267 797 1339 unioni,
811 1284 877 1344 quas

97 1360 160 1433 jam
184 1357 257 1416 lacta
281 1359 376 1417 estin
406 1361 509 1418 animae
534 1367 649 1434 centro,
673 1357 751 1439 quod
775 1357 877 1420 accidit

98 1449 202 1510 eodem
219 1448 302 1510 modo
315 1471 347 1511 ac
362 1453 385 1510 si
400 1454 465 1531 quis
478 1454 636 1512 intueretur
646 1451 753 1526 solem,
775 1461 803 1511 et
814 1455 877 1525 sine

99 1542 156 1602 ulla
170 1539 327 1602 offensione
337 1542 482 1602 oculorum
494 1543 560 1602 solis
570 1542 750 1622 splendorem
759 1563 876 1620 cognos-

100 1644 183 1696 ceret.
198 1635 318 1712 Insuper
332 1642 374 1692 est
388 1631 619 1705 advertendum,
641 1631 718 1709 quod
730 1632 790 1691 haec
806 1636 875 1692 unio

99 1746 160 1787 non
178 1737 221 1787 est
240 1729 419 1801 transitoria,
438 1735 470 1783 ut
484 1723 547 1785 duae
559 1727 664 1804 priores
676 1764 686 1797 ,
700 1722 749 1782 sed
761 1743 878 1803 perma-

99 1837 172 1878 nens
190 1839 198 1888 ;
223 1820 262 1877 ita
284 1826 316 1876 ut
338 1819 434 1877 anima
451 1815 561 1875 fruatur
574 1813 757 1874 habitualiter
773 1811 874 1874 divina

101 1912 250 1989 prasentia
264 1911 323 1984 jam
341 1908 393 1965 sibi
409 1909 578 1982 conjuncta,
602 1914 630 1965 et
645 1905 753 1965 fruatur
763 1907 792 1963 iu
808 1925 878 1984 pace

100 2000 195 2060 stabili
211 2019 218 2068 ;
233 2019 302 2059 narn
325 1999 469 2078 passiones
489 1995 561 2053 nihil
583 1994 707 2072 amplius
730 2015 794 2059 earn
812 2014 880 2083 per·

101 2092 218 2151 turbant
235 2111 242 2146 :
259 2088 323 2148 illas
340 2085 457 2168 quidem
473 2088 570 2146 anima
585 2087 675 2144 cernit
689 2082 759 2142 dum
774 2084 876 2145 facicm

101 2204 184 2245 suam
205 2180 377 2256 ostendunt,
396 2179 522 2240 sednon
540 2181 688 2251 tristatur,
713 2195 767 2237 nec
787 2175 877 2237 nllarn

101 2282 207 2359 patitur
223 2276 379 2335 molestiam
391 2276 427 2333 ah
438 2275 492 2332 illis
504 2315 514 2346 ,
527 2272 564 2332 ad
574 2277 663 2332 instar
673 2273 796 2350 ejusqui
805 2271 878 2331 forte

101 2360 426 2447 habitanssupernubes
434 2374 561 2424 cerneret
571 2360 750 2441 tempestates
759 2362 878 2421 inferius

103 2465 285 2533 evenientes,
299 2460 397 2538 etipse
409 2474 466 2514 non
481 2463 642 2530 tangeretur
652 2455 689 2511 ab
700 2451 767 2510 illis.

147 2555 212 2632 ¹39·
234 2551 288 2611 llic
302 2552 353 2610 abs
364 2567 392 2609 re
406 2545 629 2624 noueritaliqua
642 2542 734 2605 dicere
746 2541 782 2602 de
791 2544 878 2604 visio·

89 2649 209 2719 nibus,
230 2645 418 2705 locutionibus
432 2652 461 2702 et
482 2640 703 2701 revelationibus
717 2638 754 2700 ad
769 2637 878 2700 discer-

103 2737 214 2799 nendas
224 2736 428 2796 lalsasaveris.
439 2735 574 2792 Visiones
584 2732 632 2793 vel
643 2741 878 2808 suutextemoe,

105 2833 150 2893 vel
166 2831 379 2908 imaginariae,
405 2827 451 2888 vel
473 2827 698 2887 intellectuales.
724 2825 878 2883 Externos

105 2933 173 2984 sunt
196 2943 259 3000 quae
283 2923 371 2982 oculis
392 2929 557 2980 cernuntur.
592 2915 793 2994 imaginariae
812 2934 877 2993 quae

106 3023 269 3098 spectantur
281 3017 311 3072 in
323 3013 492 3092 phantasia,
510 3029 559 3068 seu
576 3009 769 3084 imaginativa.
786 3010 878 3069 latal-

105 3110 247 3174 lectuales
260 3152 269 3185 ,
290 3127 354 3188 quae
366 3125 459 3184 neque
471 3103 575 3177 oculis,
587 3120 679 3180 neque
687 3103 716 3159 in
727 3098 878 3182 phantasia
