1956 3608
270 224 298 296 §.
309 241 343 282 11.
363 236 488 285 nonunt
503 237 543 284 tn
556 238 722 286 rinoceros.
825 232 884 313 239

104 333 252 397 Notentnr
260 330 307 392 illa
318 332 485 412 verba‚pm
493 355 602 396 eorum
611 335 886 412 oupocitotc;unde

74 463 77 468 >
102 435 181 488 certe
193 423 311 486 concilio
322 427 545 487 contraveniunt
563 426 604 485 illi
622 426 752 488 Pastores
771 431 821 510 qui
836 448 886 488 su·

101 519 186 581 blimi
196 518 270 599 stylo
278 527 419 594 utuntur,
436 518 535 605 populi
545 519 687 582 audientis
696 526 885 602 capacitatem

101 613 271 677 excedente.

143 711 215 787 ,²⁰4-
230 707 285 769 llic
292 706 500 788 quoquejuvat
508 705 738 768 animadvertere
748 711 882 789 quadam

100 823 209 882 magna
216 800 445 864 consideratione
453 802 557 881 digna,
571 821 637 883 quze
645 801 806 878 Parochus,
816 826 884 866 con·

97 899 198 971 ,cinnes
216 895 353 970 habens,
378 896 486 977 populo
506 899 560 957 sibi
576 899 730 957 commisso
743 897 886 959 inculcare

101 988 200 1050 denec
217 989 290 1049 Etr.
304 1030 313 1063 ‚
330 987 408 1069 quod
420 988 458 1050 ad
468 988 698 1051 emendationem
710 1008 769 1049 non
780 987 887 1053 sufficit

99 1083 260 1162 proponere
271 1091 384 1160 peccata
396 1084 507 1156 vitare,
524 1081 673 1142 sedetiam
688 1080 794 1143 debent
806 1104 887 1147 occa·

100 1176 198 1235 siones
211 1173 347 1256 peccarffli
362 1179 513 1235 removeri.
523 1194 525 1198 ·
534 1177 571 1234 Et
585 1175 731 1254 loquendo
743 1175 781 1234 de
799 1192 887 1254 spon·
903 1248 909 1261 Ι

99 1271 166 1342 sis,
194 1270 245 1346 qui
266 1267 368 1327 domos
391 1287 561 1347 sponsarum
580 1266 785 1347 frequentant,
810 1267 886 1334 dicat

98 1376 163 1426 tarn
179 1366 277 1444 ipsos,
304 1364 392 1446 quarn
406 1365 522 1428 illarum
539 1375 671 1448 parentes
685 1369 736 1449 qui
753 1365 807 1428 hoc
820 1386 885 1448 per-

97 1461 241 1534 mittunt,
260 1478 319 1519 non
335 1480 416 1540 posse
429 1461 564 1538 absolvi,
581 1465 638 1524 nisi
653 1461 785 1543 prelatas
800 1483 885 1524 occa-

97 1557 199 1615 siones
217 1554 362 1614 auferant.

142 1651 213 1710 205.
235 1646 353 1706 lnsistat
366 1669 395 1706 2.
409 1648 440 1705 in
455 1645 589 1706 homines
603 1648 657 1725 qni
669 1667 812 1726 cauponas
826 1649 883 1709 fre

96 1750 245 1819 ¹quentant
257 1786 267 1819 ‚
280 1743 320 1800 eis
329 1737 527 1818 patefaciendo
540 1738 663 1819 plurima
675 1750 789 1822 peccata
799 1783 808 1816 ,
820 1760 884 1821 que

99 1839 140 1896 ibi
162 1822 263 1917 prae'ter
282 1837 433 1895 ebrietates
452 1838 594 1896 committi
611 1833 724 1912 solent,
744 1834 884 1919 blasphe-

99 1936 176 1996 mias
189 1940 318 2014 nempe,
342 1935 556 2008 contentiones,
571 1932 728 2008 scandala,
751 1935 884 1995 obsceni÷

97 2039 174 2091 tates
185 2071 195 2101 ,
208 2025 363 2088 discordias
376 2047 443 2087 cum
456 2025 636 2103 domesticis,
651 2025 883 2096 defraudatioues

100 2125 197 2183 victus
211 2142 227 2182 a
241 2120 375 2197 familia,
399 2131 453 2183 etc.

142 2219 212 2278 206.
233 2216 363 2298 Increpet
380 2218 409 2282 3.
428 2227 516 2297 etque
530 2217 685 2279 invehatur
698 2222 773 2298 saepe
785 2224 881 2297 contra

101 2315 206 2374 vitium
224 2309 323 2390 (quod
337 2320 381 2370 est
394 2311 541 2387 generale,
556 2308 696 2393 praecipue
711 2316 739 2373 in
754 2315 886 2392 campis,

95 2419 129 2481 ,er
150 2411 181 2467 in
202 2403 350 2479 officinis)
380 2404 532 2465 inhoneste
560 2406 695 2485 loquendi
718 2429 725 2465 ι
751 2417 781 2466 et
797 2411 883 2466 'tanto
923 2410 927 2417 '

100 2503 192 2578 magis
207 2502 230 2559 si
246 2498 306 2571 haec
323 2499 409 2559 verba
425 2495 576 2558 inhonesta
592 2498 773 2577 proferantur
786 2518 881 2559 coram

98 2588 214 2676 pueris,
240 2592 360 2673 puellis,
383 2601 434 2653 aut
448 2593 575 2672 personis
591 2590 696 2653 diversi
710 2581 805 2654 sexus.
834 2593 882 2654 Ob

99 2690 155 2773 hos
169 2699 265 2769 turpes
279 2707 445 2763 sermones,
463 2698 534 2767 quot
548 2691 626 2770 pueri
641 2692 766 2770 perversi
782 2690 858 2751 liunt
875 2690 882 2749 l

102 2786 140 2845 Et
153 2783 189 2842 de
200 2783 254 2844 hoc
269 2784 423 2844 admoneat
436 2793 567 2864 parentes
580 2829 590 2859 ,
610 2783 743 2846 dominos
754 2828 763 2858 ,
776 2792 809 2842 et'
819 2784 882 2860 opi-

102 2879 171 2939 fices
185 2874 384 2951 officinarum,
400 2889 432 2939 ut
447 2877 596 2956 vigilantes
612 2880 712 2937 sintin
727 2876 881 2954 corripicne

100 2973 148 3036 ⁴dis
172 2981 201 3030 et
223 2973 393 3048 castigandis
412 2956 498 3048 filiis,
524 2982 574 3032 aut
596 2971 733 3044 famulis,
757 2971 813 3049 qui
829 2969 880 3035 hos

103 3085 249 3130 sermones
260 3065 414 3141 effutiunt,
428 3069 568 3147 precipue
575 3059 676 3141 messis
688 3075 716 3150 et
727 3063 879 3130 vindemie

103 3162 294 3244 temporibus.
