1956 3608
289 168 320 281 §.¹
331 225 367 267 11.
385 222 452 267 oo!
465 224 672 267 scnueunosu.
803 209 861 277 ¹35

91 315 286 377 instructionis
305 335 356 396 pro
372 316 457 377 novio
472 314 662 377 Consesmriis
686 318 748 387 (1)
765 356 774 388 ,
800 336 868 379 com

92 410 156 471 Deo
170 429 229 471 oon
246 408 388 473 ineundas
402 428 464 469 esse
479 414 602 471 rationes
624 414 677 479 (ui
698 407 753 470 dici
775 409 867 482 soler)

93 501 319 583 darierexpenn.
329 502 483 577 Dominus,
491 505 867 582 propternooirombonum‚

93 598 185 659 voluit
206 608 239 659 ui
259 618 314 659 nos
335 601 435 659 inoerii
458 598 494 659 de
514 598 606 659 salure
620 602 754 662 vivamus
768 624 777 661 t
793 622 869 683 quo·

93 702 229 773 propter,
249 712 317 753 cum
340 691 477 752 moralem
500 690 673 752 adhibemus
691 694 867 771 diligentiam

93 805 130 847 ue
142 788 236 865 ipsum
251 783 456 859 offendamus,
471 787 501 845 in
511 789 574 860 ejus
588 787 807 848 misericordiam
823 800 869 849 ro-
973 808 976 813 ·

94 889 152 941 iam
171 891 299 939 nostram
315 898 412 937 curam
426 881 559 956 projicere
576 877 736 950 debemus;
756 891 784 941 ei
796 902 870 941 con-

93 974 210 1035 fitentes
223 992 276 1031 uos
291 971 394 1031 salvari
414 992 475 1032 non
497 993 578 1052 posse
598 976 660 1033 sine
675 978 738 1051 ejus
758 977 872 1053 grauia,

91 1069 171 1130 hano
191 1069 228 1126 ab
251 1087 285 1127 eo
304 1086 415 1147 semper
429 1079 522 1148 perere
537 1067 675 1129 debemus
689 1090 756 1131 oum
772 1090 870 1150 perse·

93 1164 246 1235 vorantia,
262 1161 366 1222 fiducia
379 1205 388 1235 ,
400 1174 427 1222 et
442 1167 531 1223 animi
547 1167 653 1242 quiere.
675 1168 744 1225 Hoc
761 1168 869 1228 meiius

92 1276 155 1335 est,
174 1258 286 1319 dioebai
299 1258 331 1316 S.
346 1258 513 1317 Franciscus
527 1258 652 1318 Saiesius
667 1261 714 1334 (2)
729 1302 738 1333 ‚
754 1261 870 1321 clansio

92 1355 191 1414 oculis
215 1351 354 1412 incedere
377 1356 432 1411 suo
454 1352 557 1411 divina
579 1354 870 1414 providentiarum

94 1447 235 1509 tenebras
251 1458 279 1504 et
294 1445 514 1519 perplexitates
525 1448 555 1504 in
572 1449 631 1505 hoe
644 1448 716 1506 vita.
734 1447 870 1525 Expedit

94 1556 129 1603 ut
144 1542 274 1601 contenti
291 1540 384 1599 onnus
400 1580 409 1611 ‚
434 1539 460 1596 .κί
474 1560 492 1597 o
509 1541 600 1599 Pone
614 1541 773 1614 Spiriruoir'
784 1542 869 1601 scio·
920 1558 926 1565 '

95 1657 167 1696 mus
180 1655 236 1693 noo
254 1633 329 1694 bene
348 1632 508 1704 incedere,
530 1634 603 1708 quin
622 1653 750 1692 consum
768 1633 872 1693 inoes-

95 1730 237 1807 rigemus.
255 1731 421 1804 Nunquam
434 1725 524 1801 periit
535 1725 579 1784 vir
589 1723 742 1784 obediens.
758 1723 789 1784 S.
802 1725 872 1784 Phi-

96 1824 192 1902 iippus
208 1821 311 1881 Nerius
336 1816 498 1877 affirmabat
518 1815 596 1896 quod
620 1821 670 1896 qui
694 1828 771 1897 paret
790 1819 873 1879 Cou-

96 1915 232 1984 fossario,
259 1931 373 1971 securos
390 1910 422 1968 fii
438 1909 472 1968 de
489 1930 547 1969 nnn
566 1909 709 1971 reddenda
725 1915 871 1973 actionum

96 2027 217 2069 suarum
238 2004 493 2073 montionem).
512 2004 548 2060 Et
566 2003 597 2061 S.
612 2002 763 2064 Joonnesa
781 2006 873 2065 Cruce

97 2104 213 2174 aiebat,
225 2119 284 2159 non
293 2101 376 2159 inniti
387 2098 468 2157 diclis
480 2097 665 2173 confessarii,
677 2099 872 2177 superbiam,

98 2206 127 2257 et
138 2195 206 2256 fidei
222 2195 433 2254 inobservamia
451 2196 507 2265 (4).

139 2292 192 2369 96.
208 2286 321 2347 Deinde
333 2287 529 2345 confessarius
540 2297 637 2359 curet,
655 2308 681 2349 ι.
691 2288 873 2366 saepesaepius

99 2382 222 2461 ooiioqui
237 2400 302 2441 eum
317 2376 484 2454 hujusmodi
495 2382 646 2456 poenitente
658 2379 693 2436 de
703 2383 791 2437 nimia
805 2399 875 2437 cou-

101 2476 221 2537 udentia
238 2494 325 2553 quam
340 2471 444 2532 habero
459 2469 596 2531 debemus
614 2473 644 2529 in
660 2472 759 2531 iesum
775 2470 877 2531 Chris-

102 2584 185 2643 ium,
204 2571 254 2647 qui
270 2577 381 2648 propter
394 2577 521 2627 nostram
538 2565 658 2627 salutem
674 2578 801 2627 mortuns
815 2574 873 2640 esi3

102 2677 131 2728 et
146 2669 175 2724 in
195 2663 258 2740 ejus
268 2663 323 2723 SS.
336 2663 481 2739 Matrem,
502 2685 566 2742 quae
580 2673 638 2723 inm
653 2674 753 2744 poiens
769 2674 811 2724 esi
823 2706 832 2738 ‚
845 2672 875 2723 ei

104 2750 151 2841 pia
168 2778 233 2820 com
256 2760 289 2816 iis
308 2759 358 2837 qui
376 2759 400 2817 ei
422 2777 452 2817 se
472 2757 698 2829 oomrnendant3
718 2757 795 2819 unde
807 2776 875 2817 euru

140 2895 178 2953 (ι)
198 2891 266 2943 Pori.
284 2909 308 2947 r.
324 2907 397 2961 num.
412 2895 452 2955 76.

141 2979 178 3031 (2)
196 2972 227 3021 ln
240 2973 370 3022 vitaoiroo
382 2970 428 3022 fin.
446 2973 565 3021 Mossima
575 2987 625 3035 27,
643 2977 692 3021 etc.

142 3055 179 3115 (3)
196 3052 309 3109 Invito,
331 3050 348 3100 l.
368 3070 398 3108 1,
418 3065 440 3098 c.
460 3067 500 3100 ιο.

143 3140 182 3202 (4)
201 3135 287 3185 Troot.
304 3130 371 3184 delle
382 3132 462 3199 Spine
473 3130 533 3184 ooli.
546 3140 572 3201 4.
581 3128 605 3200 5.
615 3147 652 3197 ι,
667 3148 697 3184 n.
707 3134 736 3186 8.
