1956 3608
163 240 221 287 102
381 232 488 279 nixib
505 233 715 280 ammius

160 331 218 401 sit,
232 322 310 407 quod
324 322 355 385 bi
369 326 515 385 abstinent
528 344 546 385 a
559 320 693 404 relapsu,
716 323 813 404 potius
826 332 861 385 ut
875 331 933 383 oen·

158 440 256 482 suram
279 416 433 496 effugient,
451 436 540 500 quern
564 437 602 479 ex
619 436 688 479 vero
709 419 856 498 proposito
872 434 932 479 ruu-

158 513 240 576 tandi
255 514 356 572 vitam.
379 512 500 593 Oportet
509 514 597 573 etiarn
608 512 737 591 excipere
747 531 798 573 eos
808 513 861 592 qui
872 509 931 590 tapsi

158 609 271 668 suntin
287 609 434 669 occasione
450 609 580 688 proxima
594 607 753 667 extrinsece
770 625 781 667 r
801 607 851 665 isti
862 607 929 665 erin

154 700 256 780 majori
264 711 348 781 egent
356 703 547 781 experientia,
562 718 627 762 cum
639 700 750 760 occasio
763 697 929 776 (utdictuu

154 807 198 860 esi
209 798 239 858 in
251 795 375 877 capitulo
387 793 573 877 praecedeuti)
589 796 625 855 sit
640 794 743 854 fortius
759 795 929 855 incentivum
974 818 976 847 ÷

155 890 192 953 ad
210 889 398 972 peccandum.
423 890 536 950 Verum
561 903 673 968 semper
699 883 827 948 sufficiet
850 904 929 967 expe·

156 989 255 1048 rieutia
274 987 392 1044 mensis.
413 984 525 1045 Caveat
538 993 638 1045 tamen
657 982 883 1057 confessarium·
897 998 929 1041 ue
974 976 976 999 ⁵

154 1077 230 1141 dicat
252 1077 427 1152 Poenitenti‚
453 1085 561 1137 utnon
578 1075 675 1136 redeat
696 1079 752 1136 uisi
771 1086 836 1157 post
854 1094 928 1139 mcu-

137 1202 141 1210 ,
156 1192 235 1244 sem;
250 1191 318 1233 nam
335 1170 381 1232 bic
395 1172 432 1231 ob
446 1179 556 1231 tantam
571 1168 762 1246 ditationem,
778 1172 868 1231 nimis
881 1178 928 1229 ter·

156 1269 262 1329 rebitur
277 1287 285 1324 s
305 1267 399 1344 potius
414 1268 543 1345 imponat
556 1265 581 1324 ci
592 1306 607 1340 ,
618 1272 651 1323 ut
666 1261 763 1324 redeat
778 1273 841 1344 post
854 1272 927 1327 ocus

155 1359 202 1422 vel
217 1358 383 1439 quindecim
398 1358 480 1430 dies:
493 1369 522 1418 et
545 1362 584 1419 sic
605 1356 714 1418 blando
733 1357 822 1419 modo
843 1361 931 1441 ipsum

156 1452 304 1512 transferet
327 1450 365 1512 ed
381 1450 571 1532 recipiendam
592 1450 803 1514 absolutionem
826 1455 859 1513 iu
878 1451 930 1512 fine

158 1548 278 1606 mensis.

197 1641 246 1720 73.
267 1637 313 1699 tt
326 1637 517 1703 absolvendos
535 1642 619 1717 igitur
633 1637 774 1701 recidivus
784 1660 844 1701 non
855 1636 931 1701 suffi-

157 1737 237 1795 c'iunt
262 1733 404 1794 ordinaria
430 1736 510 1811 sigua
531 1732 635 1794 doloris
655 1743 685 1794 et
709 1737 870 1814 propositi,
887 1730 930 1794 sed

157 1830 342 1906 requiruntur
356 1825 577 1888 extraordinaria
587 1847 652 1906 quae
662 1826 754 1902 alias,
765 1827 849 1906 juxta
858 1848 932 1891 cum·

158 1939 276 1981 munem
299 1923 470 1981 sententiam
486 1922 556 1998 (r),
578 1932 652 1983 certe
669 1919 819 1983 sufficiunt
832 1922 872 1983 ad
884 1924 935 1984 ab·

157 2013 326 2075 solutionem
346 2015 584 2096 impertiendam
599 2014 670 2075 iilud
685 2018 762 2075 enim
777 2017 934 2078 extraordi-

156 2113 271 2171 narium
282 2112 395 2187 signum
412 2109 521 2186 (modo
531 2108 654 2170 sottdum
669 2113 706 2170 sit
720 2110 937 2184 etfundatum}

159 2202 251 2262 aufert
279 2200 503 2279 indispositionis
529 2205 741 2281 suspicionem,
769 2223 835 2283 quae
858 2214 937 2285 urget

161 2296 268 2355 ratione
298 2294 471 2375 relapsuum.
512 2296 600 2356 Recte
636 2294 770 2359 dixerunt
804 2298 939 2382 Episcopi

164 2389 271 2470 belgii,
299 2410 376 2451 anno
413 2389 485 2470 1697
522 2394 708 2470 congregati,
744 2395 775 2452 in
807 2394 937 2474 quodam

162 2481 272 2543 decreto
284 2482 360 2545 edito
378 2504 428 2563 pro
442 2480 595 2543 directione
609 2482 856 2545 Confessariorum
870 2506 940 2549 sua·

162 2592 226 2632 rum
237 2573 417 2650 dioecesium,
428 2573 464 2634 de
474 2573 527 2636 hoc
538 2583 643 2653 puncto
654 2573 820 2654 loquentes:
832 2579 939 2640 Deum

160 2662 192 2723 in
210 2667 403 2726 conversione
418 2666 608 2745 peccatoris,
627 2680 774 2728 nontam
792 2670 940 2732 conside·-

162 2778 232 2820 rure
247 2779 424 2820 mensuram
443 2760 586 2839 temporis
602 2801 612 2835 ‚
632 2780 727 2837 quom
743 2762 863 2824 doloris
879 2770 940 2837 (a).

164 2853 239 2915 iiiuc
261 2853 489 2935 prohibuerunt,
516 2873 552 2914 ne
572 2853 744 2914 confessarii
762 2855 861 2918 stabitt
876 2854 941 2939 iege

201 3054 240 3116 (ι)
259 3052 314 3106 Lib.
326 3057 356 3115 6,
369 3068 445 3104 uum.
458 3056 515 3119 459.
531 3068 555 3107 v.
570 3052 715 3107 Recidivus.

197 3150 236 3214 (ι)
255 3150 335 3220 epod
348 3151 438 3213 croix,
456 3150 475 3203 l.
486 3154 518 3216 6,
533 3167 561 3220 p.
572 3169 606 3230 u,
622 3166 698 3209 ιιιιιιι.
712 3155 786 3218 ¹⁸²⁴·
