1956 3608
153 224 210 284 192
370 220 472 263 anans
492 215 696 262 CONFESSARU·
721 265 724 270 ,

149 328 226 384 mae,
241 327 278 368 ne
295 307 495 369 revelationem
511 305 574 365 aliis
588 303 718 379 indicet,
739 307 844 386 etipse
857 328 929 368 cau·

151 406 259 464 tissime
269 421 379 482 semper
389 398 536 480 procedat,
550 402 608 459 imo
618 402 930 479 utatursapienliorum
957 450 962 455 .

81 492 85 499 ’
152 495 478 574 consilioquoniam,ut
488 493 656 572 plurimum,
665 491 933 555 talesrevelationes

152 589 248 650 dubiae
264 597 352 662 sunt,
375 598 404 648 et
428 597 574 667 suspectae.
595 588 695 649 Minus
710 606 779 647 vero
795 594 934 669 suspectae

153 691 222 742 sunt
230 680 423 758 intelligentiae
430 680 603 761 simplicium
609 682 762 740 veritatum
770 684 844 743 circa
856 702 939 762 mys*

155 777 245 850 teria,
260 777 395 835 attributa
411 774 529 849 divina,
545 773 687 833 malitiam
705 778 835 853 peccati,
852 772 936 836 daur-

155 878 289 930 natorum
299 868 508 937 infelicitatem,
520 867 602 927 ethis
613 865 715 926 similia
727 889 734 924 s
747 865 934 948 haecquando

157 972 226 1023 sont
241 962 308 1021 iidei
322 961 478 1022 conformia
492 1003 502 1033 ‚
518 962 613 1039 inquit
627 958 660 1020 S.
674 960 802 1021 loannes
816 982 832 1023 a
854 980 933 1023 cruca

158 1063 223 1127 (ι),
238 1053 316 1133 quod
328 1056 424 1113 anima
435 1072 494 1113 non
510 1052 593 1113 debet
608 1053 672 1113 illas
685 1063 835 1133 expetere,
850 1054 901 1115 aed
911 1056 933 1115 rt

157 1150 211 1228 ipsi
217 1145 426 1220 concedantur,
434 1144 581 1206 humiliter
589 1157 657 1205 sunt
666 1148 703 1207 ab
711 1165 744 1207 ea
754 1146 933 1229 accipiendae,

157 1253 186 1303 et
198 1262 257 1302 non
271 1239 439 1301 refutandas.

206 1340 272 1409 142.
299 1337 399 1396 Oritur
412 1336 458 1396 hic
473 1335 595 1397 dubium
611 1379 623 1413 ‚
639 1347 742 1398 utrum
763 1356 865 1398 omnes
878 1338 932 1399 ista

161 1432 269 1510 species
296 1432 449 1506 grat-iarum
469 1440 500 1490 et
519 1433 813 1491 communicationum
838 1450 933 1513 super·

161 1521 337 1584 naturalium
362 1520 487 1583 debeant
506 1520 609 1599 rejici,
633 1534 685 1609 aut
707 1523 874 1605 acceptari?
902 1524 933 1583 Et

162 1611 398 1690 distinguendum
417 1624 481 1689 est,
497 1623 530 1674 ut
543 1617 582 1675 ait
597 1613 696 1675 doctus
710 1614 829 1696 quidam
844 1624 934 1677 auctor

165 1712 210 1781 (a)
235 1698 302 1768 oum
325 1707 357 1767 S.
382 1708 496 1769 loanuc
520 1729 536 1769 a
557 1729 657 1783 cruce,
681 1720 710 1769 et
733 1709 820 1780 aliis;
846 1710 935 1787 gratia

162 1797 219 1859 illa
233 1819 298 1877 quae
315 1799 452 1874 elongant
465 1819 480 1858 a
498 1798 577 1873 fide,
604 1819 639 1859 ex
651 1819 684 1860 eo
699 1802 767 1880 qula
782 1804 937 1861 consistunt

163 1895 196 1952 lu
207 1890 381 1971 quibusdam
391 1893 500 1951 notitiis
511 1891 663 1968 distinctis,
671 1904 705 1954 ut
714 1898 937 1970 sunt‚visiones‚

164 1983 320 2042 locutiones
334 1992 363 2042 et
376 1983 583 2043 revelationes:
601 1984 655 2044 has
670 1994 780 2065 oporiet
792 1988 872 2047 omni
887 2006 937 2047 oo-

166 2084 237 2135 nalu
252 2076 367 2151 rejicere
382 2094 390 2143 ;
409 2072 457 2133 sed
472 2074 547 2148 illm,
565 2094 601 2135 ex
617 2078 766 2155 opposito,
788 2097 854 2157 qua
874 2086 939 2139 sunl

167 2164 326 2227 uniformes
341 2162 429 2238 fidei,
444 2173 477 2224 ut
491 2175 558 2224 sunt
571 2167 680 2225 notitiae
692 2166 836 2242 conium,
851 2178 878 2229 et
887 2188 938 2247 ge-

167 2257 278 2319 nerales
290 2298 299 2330 ‚
310 2267 339 2316 et
350 2266 440 2317 tactus
450 2256 541 2318 divini
552 2261 716 2338 quiuuiunt
724 2264 853 2322 animam
863 2262 939 2339 Deo,

168 2370 229 2415 non
244 2359 312 2409 sunt
328 2350 505 2427 rejiciendae,
520 2355 579 2413 imo
595 2363 714 2434 possunt
727 2353 874 2417 humiliter
888 2376 940 2417 ex·

166 2448 248 2531 peti,
260 2456 289 2506 et
299 2444 471 2520 desiderari,
485 2457 517 2508 ut
526 2449 616 2526 magis
627 2452 772 2529 magisque
784 2450 941 2513 Deounia·

170 2551 238 2612 tur,
255 2549 284 2598 et
296 2541 326 2599 in
339 2560 393 2599 suo
406 2550 505 2601 sancto
519 2561 616 2601 amore
629 2541 773 2605 solidetur.
793 2543 856 2606 Hoc
864 2545 942 2608 nihi·

170 2631 296 2691 lominus
316 2630 482 2708 intelligitur
497 2652 547 2711 pro
561 2632 617 2693 illis
632 2637 788 2696 animabus
800 2657 866 2717 quaa
883 2642 942 2717 jam

171 2720 318 2783 donantur
330 2722 470 2783 similibus
482 2723 630 2785 favoribus
643 2748 654 2798 ς
668 2730 807 2807 quoniam
816 2750 869 2811 pro
879 2732 943 2793 aliis

171 2814 260 2876 tutior
274 2816 321 2877 uia
336 2823 378 2874 est
390 2812 588 2877 desiderare-et
602 2827 731 2898 expetere
743 2823 945 2887 tantummodo

209 2977 249 3035 (ι)
266 2968 358 3032 Solita,
369 2969 390 3021 l.
405 2990 452 3034 ιι,
468 2988 491 3024 c·
503 2972 543 3025 33.

210 3056 248 3112 (ι)
267 3048 297 3103 F.
315 3052 432 3107 Bernrrd
442 3052 476 3105 eie
491 3052 665 3109 (instelvetere
676 3055 772 3111 Diretl.
785 3058 858 3115 Mica.
875 3058 895 3114 l.
912 3080 948 3129 2,

175 3144 290 3201 μμ,
308 3147 331 3186 o.
341 3148 365 3183 ι.
851 3210 859 3224 .

811 3226 955 3274 monem
