1956 3608
263 232 287 309 ς.
301 248 334 288 ιι.
355 243 478 289 nomn
492 247 532 287 ru
546 242 710 290 unocuos.
813 234 870 295 233

238 416 266 490 §.
288 416 328 477 11.
346 416 475 500 'Morrita
498 414 542 477 od
564 418 734 480 Puroclros.

143 604 209 684 195.
230 605 368 664 Exrcnru
380 601 428 674 hjc
444 602 568 663 breviter
581 601 719 663 adnotare
732 604 874 683 quasdam

97 699 285 778 particulares
299 697 491 759 Parochorum
502 696 688 775 obligationes
696 699 768 758 circa
778 718 874 761 curam

98 814 219 854 suarum
235 797 348 855 ovium.

143 889 211 967 196.
232 890 257 948 l.
280 886 423 948 Parochus
445 895 557 948 tenetur
579 906 628 946 eas
649 889 789 945 instruere
806 888 877 946 circa

97 980 167 1043 fidei
182 984 342 1062 mysteria,
364 990 393 1041 et
410 1000 453 1041 res
469 981 540 1043 alias
555 979 592 1041 ad
610 979 731 1041 salutem
746 998 881 1040 necessa-

97 1080 176 1151 rias,
193 1084 225 1135 ut
238 1085 328 1135 sunt:
350 1097 375 1134 1.
393 1076 526 1153 Quatuor
540 1078 675 1156 mysteria
692 1073 878 1156 principalia:

98 1167 206 1229 scilicet
219 1165 298 1247 quod
316 1169 420 1228 existat
432 1186 511 1228 unus
531 1168 636 1241 Deusq
658 1169 709 1246 qui
725 1176 767 1224 est
782 1167 881 1224 omni-

98 1272 225 1343 potens,
248 1261 498 1339 sapientissimus,
530 1269 659 1334 creator,
685 1269 713 1319 et
738 1259 882 1320 Dominus

98 1357 256 1427 omnium,
280 1354 463 1430 misericors,
488 1364 517 1415 et
538 1354 688 1416 amabilior
707 1374 882 1434 quocunque

98 1449 200 1516 bono;
217 1454 245 1505 et
264 1449 404 1528 praecipue
422 1448 501 1528 quod
519 1459 579 1510 tam
598 1451 766 1527 bonorum,
792 1469 882 1529 quarn

100 1539 245 1603 malorum
261 1543 298 1599 sit
311 1545 405 1617 justus
420 1553 615 1603 remunerator
635 1566 644 1614 ;
669 1547 786 1624 insuper
802 1564 882 1625 mys·

103 1636 208 1695 terium
223 1633 279 1695 SS.
293 1634 468 1709 Trinitatis,
483 1635 718 1709 ,lucamationis‚
738 1647 767 1695 et
780 1638 882 1697 Mortis

101 1725 172 1789 Jesu
186 1727 347 1789 Christis.
362 1727 548 1790 Sacramenta
564 1731 747 1805 necessaria,
762 1738 794 1788 ut
808 1728 884 1809 Bap-

102 1827 210 1898 tisma‚
230 1823 408 1885 Eucharistia
421 1867 431 1901 ‚
444 1825 633 1900 Paenitentia,
651 1836 679 1887 et
694 1824 769 1900 alia,
783 1825 883 1886 saltem

103 1916 222 1998 quando
247 1929 315 1978 sunt
339 1917 529 1998 suscipienda.
548 1921 578 1979 3.
599 1919 730 1998 Symboli
753 1919 885 1996 articuli,

102 2016 181 2074 inter
189 2033 261 2092 quos
277 2016 430 2092 prasertim
442 2015 602 2092 Virginitas
613 2015 713 2074 Mariae
722 2014 777 2074 SS.
789 2015 886 2075 Sessio

104 2107 175 2169 lesu
191 2105 296 2167 Christi
319 2107 355 2169 ad
377 2108 525 2171 dexteram
544 2109 656 2184 Patris,
678 2108 785 2169 scilicet
809 2107 887 2188 quod

105 2203 168 2280 ipse
191 2200 219 2258 in
244 2199 441 2264 coelissedeat
464 2223 530 2263 cum
552 2202 637 2262 Patre
654 2205 685 2261 in
703 2199 788 2279 gloria
811 2220 888 2261 coae-

107 2291 185 2373 quali
215 2313 222 2348 :
254 2293 432 2354 Resurrectio
453 2315 601 2372 corporum
626 2297 656 2354 in
679 2292 785 2370 judicio
807 2292 888 2354 linali

106 2383 239 2445 iaciendo
263 2405 280 2445 a
306 2384 421 2446 Christo
446 2386 598 2445 Domino:
621 2386 726 2445 Unitas
748 2386 888 2447 Romanae

107 2479 261 2555 Ecclesia,
284 2483 385 2562 inqua
402 2480 461 2542 sola
477 2482 617 2561 reperitur
629 2481 733 2538 animae
748 2477 846 2537 salus:
860 2488 889 2539 et
919 2486 934 2501 ‘

109 2576 234 2656 denique
246 2580 387 2638 aetemitas
401 2575 524 2658 paradisi
538 2619 547 2651 ‚
563 2585 592 2636 et
602 2573 716 2634 inferni.
734 2575 809 2653 Quae
825 2596 889 2636 om·
973 2584 977 2595 '

108 2671 158 2729 nia
173 2671 371 2748 unusquisque
394 2669 488 2729 fidelis
512 2679 623 2730 tenetur
643 2669 713 2728 scire
730 2668 785 2728 sul>
797 2672 888 2746 gravi.

110 2769 141 2835 4.
155 2762 295 2844 Praecpta
311 2762 450 2843 decalogi
464 2775 492 2825 et
506 2764 648 2826 Ecclesiae
663 2764 692 2823 5.
708 2765 802 2822 Pater
814 2782 889 2820 nos

110 2871 158 2915 ter
170 2895 180 2926 ‚
201 2865 229 2912 et
243 2862 324 2933 Ave
337 2861 459 2926 Maria
475 2868 503 2918 et
518 2870 598 2919 actus
610 2853 676 2914 fider
690 2854 794 2930 ,spei,
809 2870 889 2910 amo-

113 2950 170 3019 ris,
202 2955 230 3004 et
252 2951 437 3009 contritionis.
464 2950 555 3010 Sicuti
574 2947 697 3023 graviter
719 2950 814 3020 peccat
841 2941 889 3002 ille

112 3043 163 3121 qui
178 3042 248 3100 scire
271 3040 330 3100 haec
349 3042 463 3120 negligit
493 3047 582 3121 (quae
601 3035 715 3100 scienda
738 3045 805 3096 sunt
829 3056 889 3097 non

114 3130 232 3194 modo
225 3153 255 3192 m
281 3144 423 3211 quantum
439 3132 483 3195 ,ad
506 3135 649 3209 nomina,
676 3127 727 3190 sed
749 3131 841 3190 etiam
858 3130 896 3186 iu
