1956 3608
146 116 215 165 cnr.
226 119 258 163 v.
272 118 338 163 eurr
349 112 532 167 rennuente
544 114 758 159 nnnnororvre.
780 102 838 163 105

61 214 242 290 exigerentur
258 208 468 269 Ponitentibur
490 205 584 268 adhoc
603 204 737 268 recidivis
750 224 855 287 expe--

62 309 197 367 tientiarn
210 304 344 366 notabitis
359 304 509 384 temporis,
522 312 679 382 antequam
691 320 740 362 eon
748 299 844 364 absol·

62 408 173 463 ¹vetent.
197 399 232 458 lit
244 396 307 475 iore
322 400 443 472 merito,
460 396 519 457 tole
532 398 610 457 enirn
622 396 751 476 probatio
765 404 843 456 tern-

62 494 139 574 poris
152 510 213 551 non
228 499 271 551 eut
284 492 403 550 unicurn
415 490 528 565 signum
539 497 657 548 mutate
667 486 841 562 voluntatis,

56 585 133 646 dum
147 583 283 645 voluntas
308 584 461 663 peccatoris
475 589 604 641 mutetur
616 582 721 641 virtute
735 579 842 641 divine

61 681 177 759 gratie,
191 698 257 758 que
268 686 382 756 ternpus
399 694 458 735 non
475 676 611 754 requirit,
627 673 677 734 sed
687 672 843 754 aliqnando

60 772 136 834 iliico
148 780 284 851 operatur
299 790 306 826 :
324 776 520 847 quapropter,
544 769 668 827 mutatio
687 764 844 826 voluntatis

60 868 135 927 bene
159 863 279 944 peralta
305 863 384 940 signa
402 862 531 939 cognosci
552 860 648 938 vaiet,
669 861 731 920 sine
752 878 844 942 expe-

61 958 164 1019 rientia
178 957 320 1034 temporis.
336 953 550 1032 Quinum-‚alia
559 955 639 1032 signa
648 951 844 1032 dispositionis

60 1046 182 1112 actualis
217 1046 420 1106 Poenitentinrn
462 1044 638 1126 quandoque
683 1044 841 1105 voiuntetir

60 1143 252 1201 mutationem
279 1137 466 1197 manifestant
488 1135 581 1198 rnultu
607 1135 731 1210 melios,
753 1155 844 1216 quotu

59 1235 192 1316 probatio
213 1234 348 1312 temporis
365 1255 373 1292 ε
389 1252 457 1293 nam
475 1231 542 1293 tatia
559 1232 639 1310 rigna
655 1229 762 1293 directe
782 1230 843 1291 dir-

60 1331 230 1409 positionem
242 1326 417 1403 ostendunt,
432 1327 525 1405 durn,
549 1347 565 1387 e
580 1346 735 1402 converso,
754 1346 843 1408 expe·
925 1392 930 1398 ,

59 1422 161 1483 rientie
175 1421 255 1482 iiiarn
269 1422 393 1481 ostendit
408 1432 520 1482 tanturn
534 1420 688 1492 indirecte3
703 1441 769 1482 curn
780 1438 841 1483 non

60 1535 126 1577 raro
139 1514 265 1592 accidat,
279 1513 358 1595 quod
375 1513 480 1595 aliquis
494 1513 545 1574 diu
560 1516 730 1575 abstinuerit
744 1537 760 1575 a
772 1534 843 1595 pee-

58 1607 174 1682 cendo,
199 1618 228 1669 et
246 1608 343 1671 adhuc
364 1612 401 1670 iit
421 1610 508 1670 etidnr
531 1607 728 1690 indispositus.
758 1606 843 1669 Unde

59 1713 159 1765 auctor
169 1703 234 1762 libri
245 1705 323 1764 citati
342 1703 524 1771 (destructio
538 1725 597 1782 pro
609 1702 694 1763 novis
708 1704 837 1778 Confes-

60 1796 178 1867 scriis)
206 1797 247 1856 sic
263 1796 304 1855 ait
326 1798 373 1866 (ι)
396 1816 404 1853 :
433 1797 467 1857 Si
488 1818 509 1856 o
528 1798 656 1874 propriu
670 1797 842 1876 fragilitate

57 1892 201 1969 mloprus
211 1903 381 1965 noceatur,
395 1890 536 1953 runcatio
548 1892 723 1951 extrinseca
735 1892 843 1951 voiun-

58 1985 145 2047 turia
158 2004 277 2060 causa,
296 1984 350 2044 vioe
363 1982 512 2067 effugem
525 1983 701 2061 temeritatis
713 1995 841 2060 notam,

57 2078 114 2154 uui
139 2094 262 2138 omnem
287 2076 453 2137 recidivum
476 2075 693 2153 indispositum
718 2075 840 2137 diceret.

34 2228 38 2237 ,
60 2168 100 2229 Et
112 2167 181 2229 atibi
192 2172 237 2240 (α)
249 2167 318 2228 dicit
329 2168 407 2246 quod
418 2168 562 2230 recidivus
574 2179 687 2248 propter
699 2173 759 2230 vim
773 2171 840 2230 rnaii

59 2258 180 2321 habitus
195 2257 303 2318 abeoivi
318 2256 422 2331 debet,
451 2262 474 2318 si
489 2278 601 2338 semper
616 2280 649 2320 ac
666 2261 781 2320 firmam
795 2280 842 2319 os-

58 2351 153 2413 tendit
173 2351 351 2412 voluntatem
370 2349 526 2412 adhibendi
542 2351 636 2412 medie
651 2348 688 2412 ad
704 2351 842 2414 ernenda-

31 2477 33 2482 ·
62 2447 194 2518 tionem,
213 2445 254 2503 oie
271 2442 443 2505 subdendo:
463 2447 505 2506 Et
521 2445 738 2507 existimomus
751 2446 841 2508 nimii

58 2538 173 2620 rigoris
191 2541 405 2600 accusandum
424 2560 490 2602 esse
507 2541 561 2618 qui
573 2542 662 2602 utiter
673 2557 794 2622 egeret,
811 2556 841 2604 et

59 2633 196 2692 alienum
203 2633 276 2707 sore
288 2651 308 2692 a
325 2630 452 2694 Domini
464 2647 493 2696 et
507 2636 655 2696 Ecclesiue
667 2637 799 2712 spiritu,
812 2647 841 2696 et

60 2724 102 2789 ab
118 2724 219 2803 ipsius.
231 2740 343 2786 natur-u
357 2727 550 2790 sacramenti
563 2728 647 2805 qrrod
662 2749 724 2788 non
738 2730 839 2789 solum

52 2815 212 2892 judicium
223 2830 267 2878 est
275 2857 285 2891 ‚
294 2818 349 2877 ced
358 2820 503 2879 solutoris
515 2819 681 2878 medicine.

97 2949 135 3007 (ι)
156 2944 226 2996 Part.
242 2964 251 2995 r
267 2982 275 3007 ,
291 2952 374 3005 c.15,
396 2962 471 2996 num.
485 2946 546 2998 356.

97 3028 137 3091 (2)
157 3025 227 3080 Part.
243 3043 254 3078 r
263 3059 273 3091 ,
286 3041 308 3076 e:
324 3042 353 3093 9,
373 3041 449 3081 num.
460 3027 521 3084 2132

671 3112 750 3187 cc
