1956 3608
167 232 227 293 292
258 210 262 216 '
387 226 491 267 rursxrs
512 224 718 266 concessurus.

166 316 312 382 interdum
326 338 392 379 curn
403 321 499 398 paucis
509 319 725 376 nominatorum
737 304 901 394 signorum
913 330 938 379 et

166 436 232 477 curn
251 412 334 494 pulsu
349 410 463 486 valido,
484 432 518 472 ac
532 409 681 491 loquentes
696 414 827 491 expirare
841 412 937 474 solent.

166 508 531 587 novercatu12.proxim0s
543 507 626 566 rnorti
638 526 715 580 esse,
729 509 780 586 qui
791 506 938 587 pleuritide

167 604 317 674 laborant,
341 598 411 659 dum
436 603 628 680 respirationis
649 597 821 675 difficultas,
848 602 937 662 anhe-

163 696 231 756 litus
244 705 452 772 augmentum,
469 705 497 754 et
507 694 580 765 labia
594 692 681 753 livida
695 705 844 774 apparent.
863 695 936 755 Vul-

164 792 256 852 nerati
279 791 372 868 capite
392 787 536 849 interdurn
561 789 711 849 subitaneo
731 788 861 868 deliquio
878 811 936 850 nro·

164 884 286 943 riuntur.
301 878 477 960 IIydropici‚
494 878 564 938 durn
583 879 682 959 pulsus
701 878 820 954 deficit,
842 891 871 942 et
884 901 934 942 an-

163 977 401 1051 belismenses,
425 995 459 1037 ac
480 976 510 1033 in
534 994 581 1034 ore
601 994 703 1056 spuma
727 986 856 1055 apparet.
880 977 933 1055 Qui

162 1070 233 1131 Iebri
244 1073 451 1130 intermitieute
462 1067 611 1142 laborant,
631 1070 703 1128 mori
715 1066 809 1130 solent
820 1072 850 1131 In
861 1074 933 1152 prin·

162 1165 236 1243 cipio
247 1164 432 1234 accessionis,
455 1159 524 1220 durn
538 1158 738 1221 convulsiones
754 1161 932 1223 vehementes

161 1263 240 1316 sunt.
261 1253 438 1315 Adverlatur
462 1254 490 1313 3.
516 1250 593 1332 quod
612 1254 642 1311 in
664 1251 812 1332 aliquibus
830 1256 930 1333 egrotis

162 1348 249 1410 flatus
263 1358 304 1408 est
319 1347 390 1408 adeo
407 1345 529 1423 debilis,
553 1356 582 1405 et
596 1345 689 1407 cordis
708 1351 879 1426 exagitatio,
903 1356 930 1407 ut

160 1441 221 1520 jam
236 1445 338 1502 mortui
351 1440 518 1514 videantur,
533 1449 562 1498 et
575 1449 673 1499 tanuen
685 1460 745 1500 non
755 1454 835 1502 sunt.
849 1443 927 1521 signa

160 1539 278 1598 certiora
302 1539 401 1595 mortis
422 1544 490 1594 sunt
511 1537 639 1594 omniurn
661 1536 784 1614 partium
800 1537 927 1616 frigiditas

161 1633 248 1692 etiarn
269 1633 299 1689 iu
322 1633 434 1708 regione
449 1627 563 1709 cordis²
584 1631 707 1708 corporis
721 1631 865 1709 gravitas,
883 1629 927 1690 ali·

160 1725 243 1802 cujus
273 1727 389 1806 spiritns
416 1725 535 1784 naribus
563 1723 670 1783 adrnoti
699 1724 848 1786 stimulum
876 1745 926 1785 non

136 1823 139 1832 '
160 1823 284 1893 sentire,
298 1819 444 1899 speculuni
459 1838 508 1879 ore
522 1837 664 1879 accessum
677 1817 748 1880 flatu
763 1839 823 1880 uon
838 1840 927 1881 macu-

161 1916 231 1988 lari,
251 1925 280 1974 et
293 1913 408 1974 similia.
433 1913 560 1972 Demum
576 1911 742 1974 advertatur
757 1915 836 1995 quod
847 1919 927 1976 inter·

159 2006 329 2101 durQsIgna
345 2009 474 2088 superius
488 2009 517 2067 in
538 2009 630 2088 prinso
651 2005 711 2068 loco
732 2007 854 2070 adducta
876 2007 928 2069 sal-

159 2103 223 2163 lunl
234 2145 245 2178 ‚
255 2115 282 2163 et
291 2107 377 2163 etiarn
388 2104 449 2162 siue
459 2100 514 2161 illis
526 2112 641 2182 repente
652 2104 773 2164 moritur
781 2104 926 2175 Infirmus3

158 2193 280 2273 ideoque
295 2193 364 2253 duur
381 2201 499 2270 aegrotus
515 2196 545 2251 in
559 2212 649 2271 agone
663 2204 781 2274 rnanet,
794 2195 928 2257 Sacerdos

159 2294 266 2365 oportet
276 2305 313 2345 ne
325 2303 457 2365 unquam
473 2283 553 2347 illurn
565 2285 687 2349 deserat.

156 2475 275 2553 §.VIII
292 2487 321 2539 et
341 2476 479 2538 Ultimus.
500 2477 629 2549 Preces,
649 2478 927 2558 conchristiani,

406 2582 435 2631 et
448 2567 678 2630 benedictiones.

196 2759 264 2832 284.
292 2755 448 2818 Sucunnos
477 2754 595 2816 domum
624 2760 718 2835 egroti
738 2760 927 2841 Ingrediens,

156 2850 246 2913 dicat:
262 2849 296 2922 t.
313 2846 459 2910 Puxbus'c
469 2849 635 2922 domuum.
649 2861 677 2909 et
689 2851 927 2916 omnibusbobr'·

152 2945 288 3006 tontibus
308 2944 340 3003 in
359 2963 407 3004 eo.
425 2942 598 3004 Cubiculum
617 2962 692 3023 aqua
708 2946 861 3010 benedicta
878 2970 927 3012 us·

152 3048 267 3117 pergat,
285 3037 399 3097 dIceus:
414 3037 563 3119 Asperges
575 3059 623 3099 me
633 3041 783 3119 hyssopo,
796 3057 927 3107 eemun-

141 3131 268 3210 dabor;
279 3132 399 3200 taeubis
412 3152 481 3212 me,
494 3145 523 3196 et
535 3134 735 3212 supernivem
744 3136 928 3207 dealbabor.
