1956 3614
109 192 168 254 236
329 202 435 247 rnrxn
453 202 658 248 connumeror.

108 298 292 375 ordinandis,
305 317 376 379 qnos
385 299 440 376 ipsi
452 298 527 356 bene
536 309 658 358 noscunt
670 296 825 375 indiguos,
836 305 884 357 aut

107 396 243 458 exhibent
254 394 315 455 illas
324 396 532 473 priusquamse
541 392 662 454 reddant
672 401 802 468 securos,
817 403 887 473 pre*

107 483 155 552 vla
183 490 311 567 diligenti
338 487 567 563 informatione,
599 488 635 549 de
657 487 887 562 ordinandorum

108 588 243 646 bonitate.

150 697 216 758 ¹99·
237 677 294 753 Ν.
314 678 445 738 Tenetur
460 676 604 737 Pn²rochns
626 696 657 738 se
676 677 833 738 informare
848 675 887 735 de

108 774 142 831 iis
155 775 205 853 q'ui
221 773 325 832 vivunt
341 775 372 830 in
395 777 510 852 peccato
530 770 648 848 lethali,
672 781 705 832 ut
725 791 774 832 eos
794 774 887 833 corri-

106 875 153 944 get
168 888 176 925 s
192 865 228 926 de
242 868 399 927 inimicitiis
412 876 440 926 et
453 864 615 939 scandalis,
640 870 800 946 presertim
812 869 885 926 inter

106 980 244 1040 sponsus,
261 970 292 1020 ut
305 1002 314 1032 ,
329 969 473 1039 quantum
488 960 622 1039 possibile
637 969 701 1036 est,
714 959 772 1029 illis
786 959 886 1022 alienu

106 1051 385 1133 remediumluquit
395 1053 427 1113 S.
438 1053 569 1114 Thomas
579 1060 653 1124 (nra
664 1075 714 1134 ,φ
731 1055 777 1116 15.
786 1077 817 1116 u.
834 1064 887 1128 r.)r

106 1147 168 1227 Qui
187 1144 279 1210 lubet
297 1148 459 1222 specialem
482 1141 591 1210 eurum
620 1149 768 1224 ulterius,
795 1149 886 1210 debet

104 1261 175 1301 enm
190 1256 327 1321 quaerere
341 1243 384 1302 ud
397 1245 476 1316 huc,
499 1257 534 1302 ut
547 1242 884 1329 corrigatgdpjpeccnto.

105 1335 143 1394 Er
155 1335 272 1415 qnando
287 1331 455 1396 scandalum
479 1344 522 1395 est
540 1333 663 1413 alicujus
683 1328 818 1417 pebonn
833 1357 887 1417 po·

105 1431 193 1489 tentis
205 1434 256 1497 (et
267 1431 409 1508 praecipue
416 1426 596 1500 Sacerdotis)
609 1432 655 1490 cui
666 1432 795 1510 ipsenon
808 1431 885 1492 valet

68 1579 74 1589 ,
104 1520 263 1581 remedium
281 1492 402 1599 nll‘crre,
419 1520 503 1582 debet
522 1521 625 1584 saltem
648 1521 684 1583 de
702 1522 755 1585 hoc
772 1527 886 1605 episco-

104 1634 175 1696 pum
200 1617 349 1678 certiorare
371 1637 422 1697 pro
446 1615 573 1678 remedio
596 1627 781 1697 opportunos
801 1628 833 1681 et
849 1620 885 1680 ub

104 1730 307 1793 quemcunque
321 1723 506 1793 respectum,
526 1722 576 1773 ant
592 1715 742 1788 timorem,
759 1712 884 1777 bocnon

104 1815 196 1886 potest
209 1809 350 1866 omittere.
365 1806 463 1867 Bnnus
478 1815 574 1886 panton
587 1815 699 1867 tenetur
708 1805 883 1871 darevltam

105 1920 155 1979 pro
169 1902 272 1960 ovibus
286 1903 357 1960 suis.
544 1913 546 1916 ’

141 2014 211 2055 200.
224 1994 264 2054 V.
287 1995 375 2056 Curet
392 2016 429 2056 ne
443 1998 589 2077 sponsalia
606 1997 789 2060 celebrentur
801 1997 884 2077 longe

102 2089 181 2168 prius
199 2108 288 2168 quam
308 2089 464 2150 celebretur
484 2095 729 2152 matrimonium:
753 2092 885 2171 perlectis

103 2180 181 2238 enim
205 2177 406 2257 sponsalibus,
433 2187 492 2238 toto
515 2189 643 2262 ternpore
663 2181 741 2261 quod
766 2185 884 2258 nuptias

102 2267 257 2348 praecedet,
276 2277 334 2328 tarn
346 2272 442 2350 sponsi
455 2313 465 2345 ,
479 2277 568 2351 qnam
584 2291 682 2334 eorum
696 2276 839 2351 genitores
851 2276 885 2334 in

102 2365 248 2424 occasione
263 2364 391 2444 proxima
400 2360 512 2444 ¹peccati
526 2366 654 2444 mortalis
664 2369 799 2427 existent·
881 2392 884 2397 ·

142 2478 209 2518 201.
229 2458 284 2519 Vl.
307 2457 435 2537 Quando
455 2462 485 2519 in
507 2459 605 2540 aliqua
629 2463 700 2521 urbe
723 2471 884 2523 cernuntur

101 2551 237 2612 notabilia
248 2554 496 2627 inconvenientia,
510 2555 770 2632 quibnsParoclrns
780 2559 884 2638 nequit

101 2642 201 2704 afferre
224 2638 411 2720 remedium,
436 2648 496 2726 ipse
516 2657 629 2709 tenetur
642 2669 760 2710 ornnem
781 2671 881 2714 curam

101 2737 236 2800 adhibere
252 2737 289 2799 ad
307 2742 472 2800 missionem
490 2741 688 2804 obtinendam.
714 2745 882 2825 lit'semper

100 2831 254 2914 expediens
274 2836 348 2909 erit,
378 2843 412 2894 ut
436 2834 610 2915 quandoque
639 2835 762 2899 advocet
791 2842 880 2900 etiam

6 3007 8 3010 y
101 2926 211 3007 aliquos
232 2929 409 3008 presbyteros
427 2938 537 2989 exteros
555 2949 605 3010 pro
619 2931 695 2992 bono
712 2934 879 2995 animarum

101 3021 367 3082 verecundiorum:
393 3031 422 3082 et
446 3023 538 3084 multo
563 3026 653 3102 magis
676 3028 701 3085 si
725 3025 765 3086 ad
790 3047 878 3088 sunm

97 3111 237 3198 oppidum
249 3134 309 3182 uon
322 3115 393 3180 solet
411 3119 593 3182 concionator
610 3117 878 3206 quadragesimalis
