1956 3608
96 220 157 273 240
319 213 422 262 ruins
441 212 646 261 conensem.

140 330 211 389 2⁰7·
227 311 345 373 lusistat
355 315 385 384 4.
397 315 427 371 in
443 308 626 371 ostendendo
639 308 783 389 sacrilegii
793 331 862 373 enor·

99 400 247 480 mitatem,
269 404 347 485 quod
364 408 551 465 committunt
573 403 615 464 illi
632 407 685 483 qui
704 405 865 467 confitentur

98 507 126 555 et
135 501 369 574 communicant,
385 497 503 579 aliquod
515 507 663 577 peccatum
679 507 797 578 propter
809 518 866 558 eru·

99 592 271 651 besceutiam
287 596 446 655 reticentes.
463 595 499 652 Et
517 603 548 651 ut
558 590 706 651 horrorem
717 593 867 673 concipiant

98 682 236 745 adversus
269 697 383 748 tantum
413 687 527 761 scelus,
552 695 632 745 curet
661 704 741 766 saepe
765 705 866 747 narrare

97 774 217 856 aliquod
250 774 430 840 formidabile
456 776 622 858 exemplum
653 797 692 838 ex
720 778 778 838 illis
802 781 867 859 qui,

98 872 296 934 erubescentes
309 873 346 935 de
362 875 459 954 aliquo
479 883 619 953 peccato,
647 871 784 951 sacrilege
805 892 866 935 onr-

99 964 165 1025 lessi
186 976 278 1037 sunt;
301 977 330 1027 et
355 968 466 1028 adhoc
489 976 582 1046 potest
604 967 647 1026 nti
668 968 810 1047 precipue
825 964 867 1025 illo

97 1057 194 1117 libello
213 1060 317 1119 Patris
341 1065 455 1139 Vegn,
478 1062 523 1120 cui
551 1058 675 1120 titulus:
700 1060 776 1125 cosi
796 1058 868 1121 dello

97 1150 315 1231 Conferamus,
326 1169 384 1216 etc.

67 1232 77 1249 ⁸
137 1248 204 1307 asti
229 1246 314 1326 Saepe
336 1250 463 1308 insinuet
480 1247 510 1308 5.
532 1249 732 1308 necessitatem
752 1244 868 1317 doloris,

97 1346 126 1395 et
140 1342 275 1416 propositi
286 1339 324 1399 ad
334 1342 541 1401 confessionem
555 1342 780 1419 requisiturum,
792 1341 868 1399 etiam

99 1452 149 1511 pro
164 1432 345 1508 venialibus,
367 1435 526 1518 exhortans
547 1445 581 1495 nt
600 1455 689 1495 nemo
705 1434 743 1495 ad
760 1433 868 1495 absulu-

98 1528 203 1584 tionem
215 1527 547 1606 recipiendamaccedat,
557 1530 613 1588 nisi
625 1530 727 1590 saltem
737 1529 775 1589 de
783 1529 869 1609 aliquo

99 1631 213 1700 peccato
221 1622 328 1682 veniali
340 1644 457 1698 eorum,
472 1626 579 1705 quibus
589 1644 620 1686 se
633 1636 766 1699 accusat,
778 1643 869 1685 vernn

97 1711 203 1774 habeat
218 1712 368 1790 dolorem,
390 1725 441 1785 ant
460 1719 515 1775 nisi
539 1725 665 1796 exponat
687 1737 738 1797 pro
761 1716 869 1778 materia

97 1817 171 1867 certa
185 1806 302 1888 aliquod
317 1820 463 1888 peccatum
474 1811 541 1870 vitae
555 1812 722 1891 praterilae,
736 1814 797 1888 jam
808 1810 870 1873 alias

97 1900 277 1977 consessum,
293 1907 377 1979 cujus
392 1923 457 1962 vere
472 1924 502 1963 se
518 1907 658 1985 poenitet,
677 1914 712 1967 ut
725 1902 825 1967 valida
838 1905 872 1961 sit

98 1994 257 2055 Confessio.
281 1997 318 2056 lit
331 2001 471 2077 quoniam
490 1997 575 2057 rudes
592 2016 697 2077 pamm
715 1998 872 2077 intelligunt

97 2090 242 2169 quomodo
259 2090 362 2152 debeat
372 2112 433 2151 esse
446 2092 547 2166 dolor,
561 2112 635 2173 saepe
649 2090 785 2154 ostendat
798 2089 872 2174 quod

97 2185 294 2259 Poenitentes,
315 2195 348 2244 ut
360 2185 454 2245 valide
464 2186 657 2247 confiteantur
672 2191 755 2257 (sive
765 2189 872 2247 contri-

99 2280 206 2351 tionis,
233 2280 294 2337 sive
318 2282 471 2341 attritionis
489 2283 525 2341 sit
548 2280 673 2358 dolor),
690 2282 797 2343 debent
810 2302 872 2343 eam

96 2375 242 2455 concipere
257 2373 467 2456 displicentiam
482 2373 518 2437 de
532 2398 583 2437 sno
598 2386 713 2457 peccato
723 2420 736 2453 ¹,
757 2374 872 2437 utillud

97 2468 163 2529 odio
183 2471 329 2547 habeant,
354 2480 382 2531 et
399 2471 570 2533 abhorreant
587 2471 654 2551 plus
670 2492 761 2551 quam
775 2481 872 2534 cetera

96 2563 184 2626 mala.

137 2676 207 2735 2⁰9·
231 2658 368 2719 Hortetur
384 2661 414 2721 6.
440 2663 523 2719 utin
546 2662 701 2723 iracundie
725 2664 872 2737 motibus,

96 2751 158 2811 vice
180 2748 422 2830 blasphemiarum
440 2762 491 2813 aut
505 2756 739 2834 imprecationis,
764 2775 873 2815 assues-

96 2855 162 2906 cant
176 2844 287 2906 dicere:
303 2846 502 2909 Maledictum
518 2849 556 2908 sit
566 2864 728 2931 peccatum
747 2871 871 2925 mcum,

96 2943 277 3003 maledictus
287 2942 325 3002 sit
335 2941 463 3003 doemon
476 2967 485 3014 ,·
498 2944 792 3020 antdicereMorin
799 2944 872 3021 85„

95 3033 874 3117 ocly'uoame‚·Domine,concedemihipntientinm.

137 3142 207 3183 aro.
228 3122 350 3186 inducat
370 3147 398 3205 7.
424 3118 614 3190 inhonorem
636 3133 874 3213 superstitiones,

830 3235 884 3280 aut
