1956 3608
102 236 160 301 ms
318 252 424 296 enims
441 244 647 293 consessurus.

95 353 143 403 est
157 344 264 416 oratio,
282 362 330 402 seu
350 338 517 399 meditatio:
536 340 575 397 ln
592 333 790 397 meditatione
808 352 867 393 mea

98 437 281 500 exardescet
297 436 385 513 ignis.
405 432 437 490 P.
453 432 511 504 38,
527 432 557 503 4.

147 528 211 587 123.
240 528 361 604 Incipiat
382 544 448 601 ergo
474 521 674 582 confessarius
702 518 873 581 introducere

100 624 228 682 animam
245 622 276 678 in
293 620 461 678 orationem.
491 615 537 675 Ab
551 616 632 674 initio
647 633 707 674 non
726 613 873 694 plusquam

102 711 205 776 media
214 712 292 773 borae
304 715 428 791 spatium
440 712 579 788 assignet3
591 707 669 788 quod
680 706 801 783 deinde,
810 726 876 769 cres·

101 818 185 869 cente
196 810 312 887 spiritu,
327 806 391 888 plus
402 807 536 864 minusve
545 803 668 879 augebit.
684 800 878 881 Nequedesis·

104 913 146 964 tat
164 923 200 963 ex
219 923 253 964 eo
270 900 347 982 quod
364 900 508 960 Poenitens
522 895 725 957 difficultatem
741 894 879 967 adducet,

104 994 183 1074 quod
198 993 272 1054 desit
289 995 341 1052 sibi
359 1002 489 1071 tempus,
513 999 542 1048 et
555 989 633 1049 locus
646 987 684 1048 ad
701 1006 732 1047 se
748 987 880 1066 colligen-

105 1087 200 1147 dum:
222 1089 303 1160 imo,
327 1088 457 1164 imponat
479 1085 504 1143 ei
526 1092 558 1142 ut
580 1081 682 1142 saltem
704 1100 818 1157 mane,
841 1076 882 1140 vel

105 1200 224 1263 vespere
240 1176 357 1260 quando
374 1181 405 1238 in
425 1176 514 1237 domo
538 1178 632 1253 major
652 1185 697 1236 est
718 1178 824 1256 quies,
841 1172 882 1235 sel

106 1281 194 1338 etiam
209 1280 239 1336 in
255 1279 323 1356 ipsis
338 1275 569 1354 occupationibus
585 1270 725 1352 (quaudo
737 1271 817 1333 aliud
830 1291 884 1333 nou

108 1380 201 1451 posset
222 1368 360 1441 efficere)
389 1368 482 1427 elevet
510 1365 669 1426 identidem
697 1376 826 1427 mentem
851 1362 884 1426 ad

107 1465 205 1525 Deum
220 1472 249 1521 et
261 1460 415 1521 meditetur
428 1461 563 1520 veritates
584 1458 675 1534 fidei,
699 1469 733 1520 ut
746 1468 816 1520 sunt
831 1479 886 1519 no·

108 1556 248 1627 sissima,
263 1572 385 1632 quorum
400 1552 533 1628 cogitatio
553 1555 603 1620 (et
616 1552 759 1631 precipue
770 1552 885 1621 mortis)

108 1655 152 1705 est
169 1644 265 1705 utilior
288 1665 338 1724 pro
359 1646 573 1724 incipientibus.
598 1641 756 1703 Meditetur
775 1660 886 1724 quoque

108 1740 218 1800 Christi
234 1742 394 1819 passionem
413 1780 423 1812 ,
452 1758 516 1816 quae
536 1736 682 1797 meditatio
697 1747 743 1797 est
756 1738 887 1797 omnibus

110 1834 266 1893 smctuosa.
294 1832 327 1891 Si
347 1851 412 1890 vero
436 1831 582 1890 Poeuitens
602 1850 660 1891 non
678 1834 714 1890 sit
731 1830 886 1892 litteramm

111 1926 210 2000 rudis,
227 1924 381 2006 expediens
394 1934 437 1984 est
455 1934 488 1984 ut
509 1935 607 1985 utatur
623 1924 720 2005 aliquo
742 1926 816 1987 libro
829 1927 888 2007 spi-

111 2019 229 2094 rituali,
254 2040 313 2100 quo
330 2022 420 2096 magis
437 2018 542 2079 habeat
561 2023 718 2097 ingressum
737 2021 767 2079 in
780 2023 887 2081 oratio·

111 2135 203 2189 nem,
219 2112 464 2194 quemadmodum
479 2113 570 2173 iacere
580 2113 688 2174 solebat
698 2113 730 2173 S.
742 2114 886 2175 Theresia.

111 2210 233 2269 Moneat
247 2225 360 2286 quoque
385 2216 418 2264 ut
444 2205 543 2283 seligat
567 2211 717 2268 materiam
731 2207 834 2283 illam,
857 2210 886 2267 in

111 2321 170 2382 qua
182 2303 279 2360 anima
294 2303 433 2376 majorem
445 2302 590 2381 experitur
602 2302 783 2363 devotionem
795 2324 805 2374 ς
820 2313 848 2363 et
858 2304 885 2361 iu

113 2397 149 2456 iis
165 2394 232 2456 locis
253 2396 283 2453 in
302 2395 408 2474 quibus
425 2396 523 2455 anima
545 2414 575 2455 se
592 2395 791 2459 vehementius
813 2392 887 2456 affici

113 2491 222 2562 sentit,
249 2499 278 2546 et
291 2489 482 2560 commoveri,
505 2496 629 2547 moretur
643 2486 826 2567 aliquantum
838 2530 849 2563 ,
861 2494 888 2547 et

113 2591 189 2643 recta
205 2578 410 2654 meditatione,
437 2589 525 2639 totam
540 2598 570 2639 se
590 2588 719 2641 exeroem
733 2583 765 2641 in
778 2583 888 2643 actibus

114 2674 290 2747 voluntatis,
303 2674 349 2733 vel
366 2674 513 2733 incumbat
527 2676 675 2753 petitioni,
689 2687 739 2738 aut
750 2675 887 2738 faciendis

116 2768 276 2851 propositis.
298 2767 369 2827 Dico
389 2789 413 2826 1.
427 2788 456 2827 se
467 2778 593 2828 exerceat
607 2772 636 2828 iu
643 2770 799 2847 faciendis
813 2771 889 2833 acti·

115 2861 891 2939 bns,seilicetbumilitatis,actionisgratiarum,fidei,

118 2961 199 3037 spei,
220 2966 248 3016 et
261 2958 414 3037 prasertim
429 2959 459 3015 iu
474 2956 632 3036 repetendis
650 2960 760 3019 actibus
779 2963 890 3021 contri-

59 3077 62 3084 -
118 3050 224 3121 tionis,
242 3058 269 3106 et
285 3048 430 3109 charitatis
442 3067 504 3126 erga
520 3048 634 3126 Deum,
649 3048 795 3112 offerendo
807 3072 839 3112 se
850 3051 890 3112 illi

116 3145 223 3216 totam,
235 3147 382 3221 totamque
391 3158 450 3203 sua
459 3143 643 3226 sanctissima
654 3142 795 3210 voluntati
804 3145 891 3221 resig-

415 3232 418 3237 ’
800 3234 900 3294 uaubo
