1956 3608
120 198 184 262 aso
347 212 454 256 nuxis
471 211 678 257 contessum.

121 314 192 366 tunc
206 303 334 384 pulsetur
347 321 486 382 campana
502 303 618 378 agonis,
630 299 666 361 sd
682 297 896 379 significandam

123 399 259 465 omnibus
283 399 437 456 instantem
459 405 580 455 mortem
604 396 763 475 expirantis
781 397 899 473 egroti,

123 501 157 553 nt
181 510 231 570 pro
256 492 317 568 ipso
340 496 444 557 orent,
470 486 549 568 quod
574 489 661 547 etiam
695 490 775 549 sanis
801 491 900 565 juvare

123 595 224 667 potest.
244 585 283 644 Et
295 582 343 645 hic
356 584 515 661 generatim
531 581 826 645 animadvertendum
840 591 900 656 est,

122 676 283 759 quodcum
300 677 435 739 infirmus
447 687 489 738 est
501 679 634 738 sensibus
649 675 821 751 destitutus,
836 696 900 736 rua·

121 772 165 849 gis
176 768 219 830 ilfi
234 781 352 851 prosunt
365 773 528 846 orationes,
547 790 636 851 quam
658 770 756 830 verba.
780 771 809 830 8.
828 767 901 828 Cum

122 873 239 946 tempus
259 864 409 946 expirandi
429 868 534 941 instat,
555 863 695 927 Sacerdos
708 863 799 924 flebili
814 883 913 938 voce„

122 969 152 1020 et
176 958 260 1022 flexis
281 962 404 1038 genibus
425 970 587 1041 consuetas
603 959 735 1022 Ecclesiae
763 961 902 1019 orationes

122 1053 241 1113 recitet:
264 1052 486 1124 Proficiscere,
506 1066 564 1113 etc.
581 1061 614 1111 nt
627 1054 657 1111 in
674 1051 732 1110 fine
751 1051 902 1126 breviarii,

121 1153 175 1207 snt
196 1143 307 1206 rituafis
321 1143 474 1206 habentur.
493 1165 524 1226 9.
542 1145 620 1206 Dum
637 1165 768 1219 manus,
797 1143 898 1226 pedes,

121 1247 178 1300 ete.
197 1237 308 1299 infirmi
325 1241 436 1317 tangit,
463 1247 496 1299 ut
515 1258 553 1299 an
570 1238 696 1317 friguerit
711 1237 834 1315 videat,
854 1259 901 1300 oe-

122 1341 190 1393 vest
204 1331 307 1393 saltem
322 1351 360 1392 ne
375 1334 478 1412 sepius
497 1332 569 1407 fiat,
593 1353 630 1393 ue
651 1352 717 1392 euru
737 1335 900 1412 perturbem

94 1435 152 1487 cer
178 1447 216 1488 ne
240 1424 322 1487 iilum
348 1435 461 1486 vertant
484 1435 583 1501 curet,
609 1425 659 1485 illo
680 1429 780 1504 agonis
803 1437 900 1504 statu,

121 1539 190 1581 nem
224 1517 253 1578 id
286 1527 408 1579 mortem
435 1510 592 1580 accelerare
615 1528 719 1599 posset.
750 1543 796 1583 ro.
824 1520 900 1584 Dum

122 1613 257 1674 infirmus
278 1616 428 1696 proximus
452 1625 495 1674 est
510 1614 548 1675 ad
569 1619 743 1690 transitum,
767 1616 861 1678 tradat
877 1617 901 1676 ei

121 1705 271 1768 candelam
289 1705 490 1783 benedictam,
509 1717 543 1767 ut
560 1717 677 1783 teneat,
698 1712 780 1770 etita
797 1712 827 1769 in
847 1709 901 1768 fide

123 1803 195 1862 mori
212 1801 389 1880 profiteatur.
420 1822 464 1861 rr.
482 1802 562 1862 Dum
578 1802 710 1862 infirmus
725 1801 821 1865 adhuc
834 1823 901 1862 sen-

122 1894 203 1953 sibus
213 1895 305 1972 viget,
323 1892 533 1954 absolutionem
547 1893 652 1974 pluries
663 1897 688 1954 ei
701 1895 828 1956 conferre
841 1903 902 1976 post

122 1985 240 2045 brevem
256 1985 512 2046 reconciliationem
525 1988 638 2063 juvabit
650 2004 662 2062 ',
682 1997 714 2046 ut
729 1990 768 2047 ita
781 1987 829 2047 itte
840 2006 901 2047 rua-

121 2079 165 2154 gis
194 2078 266 2139 eirea
297 2077 403 2138 statum
429 2079 525 2154 gratiae
551 2097 668 2139 securus
700 2077 853 2154 reddatur,
878 2079 902 2138 si

96 2240 98 2245 s
122 2169 218 2231 forsan
232 2176 380 2250 praeteritae
401 2171 591 2232 confessiones
612 2171 747 2232 invalidae
760 2173 900 2244 fuissent,

122 2273 173 2325 unt
194 2264 294 2325 saitem
310 2267 406 2342 gratias
424 2274 613 2343 augmentum
627 2268 766 2346 recipiat,
789 2287 902 2328 necnon

122 2361 276 2440 purgatorii
291 2377 382 2440 poenae
396 2362 422 2420 ei
446 2362 629 2421 minuantur.
661 2362 697 2421 Et
716 2363 740 2422 si
760 2362 835 2422 forte
854 2365 903 2422 in-

123 2454 226 2515 frrrnus
240 2465 309 2516 tunc
322 2456 352 2514 in
368 2453 473 2515 lethale
487 2454 595 2516 incidat
608 2466 774 2535 peecatum,
797 2476 837 2516 ne
850 2477 904 2517 cx-

124 2558 252 2625 terreut,
282 2549 332 2609 sed
360 2570 482 2611 mouens
508 2560 541 2610 ut
566 2549 650 2611 Jesus
671 2571 704 2613 se
724 2552 828 2613 Merite
850 2572 905 2613 no·

122 2645 201 2706 ruina
213 2646 344 2721 invocet,
358 2648 382 2704 si
398 2665 495 2705 rursus
511 2654 655 2721 tentatur,
669 2648 792 2724 benigne
807 2650 905 2728 ipsum

122 2736 280 2810 confortet,
292 2745 423 2817 procuret
439 2750 471 2799 ut
488 2742 667 2800 contritionis
678 2750 775 2801 actum
790 2741 905 2817 eliciat,

121 2841 152 2893 et
165 2835 261 2895 statim
275 2830 416 2895 absolvat.
438 2833 470 2894 Si
491 2843 587 2894 tamen
609 2834 742 2894 infirmus
756 2833 816 2912 jam
834 2820 906 2896 sen-

124 2928 204 2986 sibus
221 2937 317 3003 caret,
338 2936 367 2988 et
384 2926 499 2990 nulium
519 2926 623 2989 doloris
645 2946 699 2989 nec
713 2928 905 2990 absolutionis

122 3015 256 3080 desiderii
285 3011 397 3100 siguum
423 3020 568 3100 ostendit,
595 3040 653 3082 nou
678 3021 793 3103 expedit
816 3025 905 3087 valde

119 3113 226 3196 sepius
240 3118 315 3180 intro
331 3113 467 3179 eumdem
483 3115 561 3179 diern
578 3114 826 3182 absolutionenci
841 3121 905 3183 im-
