1956 3608
115 193 151 256 16
331 203 435 249 rntxrs
455 204 658 250 conrsssamr.

111 323 161 382 pro
174 301 305 382 peccatis.
327 299 400 359 Item
418 296 530 359 addunt
547 295 728 378 probabiliter
742 296 883 359 Doctores

111 394 195 456 multi
210 398 256 466 (1)
271 396 376 469 justam
390 411 450 452 esse
464 411 579 453 causam
590 390 770 451 diminuendi
783 394 884 470 poeni·

112 491 251 563 tentiam,
269 490 291 547 si
305 486 446 565 judicetur
460 486 604 547 Poenitens
617 485 672 547 boc
685 484 771 546 modo
788 488 884 564 magis

111 581 184 642 allici
194 580 466 642 adSacramentum.
483 579 530 640 Oh
544 581 551 639 i
564 581 664 659 quanti
675 579 753 639 valet
766 581 885 658 sapiens

111 675 182 737 illud
192 676 342 737 consilium
353 675 385 736 S.
398 675 519 737 Thomas
530 675 566 735 de
578 673 733 735 Villanova
745 678 789 747 (2)
800 696 808 732 :
821 677 902 749 Fa-¹

109 774 198 835 cilem
209 795 304 834 unam
315 772 505 846 injunxeris,
518 773 669 833 acriorem
679 771 885 834 cbnsuluen’s.

111 866 234 947 Expedit
253 886 387 946 quoque,
412 875 445 925 ut
459 865 602 926 Poenitens
623 875 770 942 cognoscat
787 867 904 944 poeni·.

111 963 229 1020 tentiam
245 979 331 1039 qnam
347 969 520 1018 mereretur:
535 970 678 1038 propterea
691 967 782 1038 potest
795 957 886 1018 valde

111 1053 264 1135 prodesse,
297 1053 320 1111 si
348 1049 508 1111 indicentur
529 1053 699 1130 poenitentiae
724 1052 885 1112 Canonum

112 1145 348 1226 poenitentialium
368 1145 505 1224 (quarum
516 1148 546 1204 in
558 1146 628 1206 libro
640 1148 685 1220 (3)
701 1144 886 1207 notabiliores

113 1240 316 1312 adnotantur).
335 1241 454 1302 Jovabit
469 1244 571 1320 pariter
588 1246 640 1309 (ut
651 1240 719 1301 dicit
732 1240 884 1302 S.Thom.

110 1333 150 1394 de
160 1334 268 1395 Villan.
281 1343 294 1408 )
307 1333 427 1394 suadere
440 1337 596 1410 graviorem
610 1377 619 1407 ‚
637 1344 732 1412 postea
744 1353 812 1394 vero
827 1336 888 1401 irn-

71 1466 74 1470 -
109 1449 218 1511 ponere
238 1449 301 1488 eam
316 1450 404 1509 quarn
426 1427 577 1508 prudenter
595 1428 731 1504 judicabit
753 1429 887 1491 at’oeni-

113 1532 191 1606 tente
201 1522 424 1603 adimplendam.
439 1524 570 1582 Insinuat
580 1523 790 1585 &Franciscus
800 1523 887 1584 Sale·

115 1619 174 1677 sius
192 1621 257 1692 (4),
283 1627 311 1678 et
324 1617 400 1678 idem
423 1618 575 1678 confirmat
592 1617 692 1677 rituale
707 1621 886 1697 parisiense,
919 1661 922 1665 ›

115 1714 178 1784 (5)
202 1710 332 1792 prodesse
355 1712 458 1776 idcirco
481 1713 668 1773 Poenitentem
693 1715 886 1790 interrogare,

88 1796 137 1865 *si
162 1808 215 1866 sibi
238 1806 274 1867 ad
299 1806 377 1867 illam
403 1810 600 1886 penitentiam
625 1803 798 1867 sufficientes
825 1808 886 1870 sint

113 1904 206 1976 vires,
226 1901 352 1980 alioquin
370 1904 398 1959 in
415 1902 500 1961 aliam
515 1902 746 1961 commutabitur.
762 1902 886 1964 iuvabit

112 2015 228 2078 quoque
241 1994 414 2075 aliquando,
435 1999 508 2056 inter
526 2016 610 2074 opera
631 1995 815 2057 satisfactoria
836 2000 887 2056 in·

112 2094 209 2170 juncta
220 2092 364 2169 imponere
374 2088 500 2168 aliquam
513 2089 732 2150 satisfactionem
745 2109 885 2166 gravem,

115 2183 164 2244 sed
184 2204 242 2242 norr
260 2184 314 2240 sub
335 2184 413 2258 gravi
431 2181 513 2260 culpa
534 2184 616 2255 (6),
641 2192 690 2243 aut
711 2180 791 2242 aliud
810 2204 895 2263 opus

114 2275 229 2337 aliunde
243 2284 412 2354 praeceptum
430 2317 439 2348 ‚
467 2291 517 2349 aut
533 2274 661 2335 debitum
679 2278 741 2352 (7).

43 2374 48 2384 ’
160 2390 204 2428 12.
223 2369 264 2435 lix
278 2367 331 2427 hoc
345 2366 422 2447 quod
437 2367 544 2428 dictum
560 2378 621 2443 est,
644 2369 782 2446 colligitur
792 2389 884 2448 quarn

115 2460 308 2542 imprudenter
320 2463 426 2541 operari
441 2460 581 2540 quosdam
595 2462 809 2539 confessarios,
831 2468 884 2544 qui

149 2619 187 2680 (t)
207 2618 235 2668 L.
249 2621 279 2677 6,
293 2632 367 2667 num.
382 2623 437 2669 διο.
452 2634 474 2670 v.
489 2617 567 2670 idem.

151 2701 190 2760 (2)
208 2699 289 2748 Serm.
302 2697 359 2746 Fer.
371 2702 385 2747 6
399 2706 457 2763 post
470 2700 545 2750 Doni.
558 2699 674 2752 Laelore.

151 2779 190 2839 (3)
207 2778 235 2828 1..
249 2781 280 2837 6,
292 2792 350 2844 pag.
363 2794 427 2844 277·
445 2795 519 2829 num.
533 2780 590 2846 539.

152 2860 191 2925 (4)
210 2859 335 2910 lnstrnct.
348 2857 460 2910 Corriess.
473 2877 494 2911 c.
507 2863 530 2911 8.

153 2942 193 3004 (5)
211 2935 373 2998 Viderint,
387 2954 462 2990 num.
472 2947 535 3006 θος,
553 2943 619 2992 circa
628 2940 715 2994 finem.

150 3022 188 3079 (6)
206 3018 233 3068 L.
244 3023 278 3078 6,
294 3035 367 3069 uum.
385 3024 443 3074 518.
454 3018 523 3076 nob.
537 3020 562 3074 3.

151 3105 189 3168 (7)
207 3101 286 3152 Num·
298 3103 355 3152 διδ.
367 3100 437 3155 Dub·
451 3120 473 3161 r.
