1956 3608
98 215 139 293 96
318 228 421 271 rnsms
440 226 647 271 cosrssssnrr.

99 340 232 402 peccare,
255 339 290 379 eo
312 320 389 400 quod
410 319 537 381 deserere
556 338 621 380 eam
641 326 790 399 noqueunt
807 321 864 379 siue

98 419 178 492 gravi
209 413 403 489 detrimento,
427 412 515 474 modo
542 432 654 492 semper
683 432 785 473 verum
812 410 866 472 ba·

99 509 186 567 leant
202 508 375 587 propositum
391 526 421 567 se
435 505 631 581 ernendandi,
650 515 681 565 et
700 504 867 565 media-im-

98 598 194 682 piendi
207 599 245 660 ad
258 600 488 662 emendationem
506 622 515 672 ς
534 599 605 660 tales
625 608 718 676 sunt,
742 618 791 661 ex·
808 618 868 677 gn,

96 692 220 773 chirurgi
238 697 288 775 qui
309 698 338 755 in
356 694 506 757 medendis
524 694 662 770 feminis,
682 702 735 754 aut
753 692 868 755 Paroebi

97 789 191 867 quiin
202 786 376 869 excipiendis
386 808 484 848 earum
496 785 738 861 confessionibus,
750 783 869 865 prolapsi

99 891 189 959 sunt,
209 884 257 959 si,
276 881 323 943 bis
338 883 506 943 muneribus
528 880 651 954 relictis,
676 898 737 939 nou
759 886 871 959 possuit

96 978 181 1055 iuxta
194 996 280 1037 suum
294 986 400 1036 statum
415 979 513 1035 vivere
529 977 589 1049 (1).
613 971 673 1034 Sed
688 982 791 1033 omues
803 992 871 1035 con·

98 1071 221 1129 veniunt
236 1068 370 1149 expedire
383 1072 413 1127 in
427 1068 514 1128 biset
531 1067 674 1127 similibus
690 1068 806 1129 casibus
821 1068 871 1129 ab·

97 1161 268 1223 solutionem
281 1162 416 1238 differre,
435 1173 467 1223 ut
482 1162 626 1221 Poenitens
638 1164 675 1221 sit
689 1160 792 1222 saitem
804 1160 871 1221 diii-

98 1258 208 1333 gentior
223 1260 255 1319 in
273 1259 441 1339 prescriptis
455 1254 588 1317 remediis
601 1254 802 1335 exsequendis.
814 1256 872 1317 Vc*

98 1360 262 1413 mmtamen
278 1372 330 1429 ego
344 1371 446 1412 censeo
458 1350 672 1412 confessarium
688 1370 748 1411 non
760 1360 870 1411 tantum

99 1464 202 1524 posse,
226 1444 277 1505 sed
299 1448 386 1505 etiam
406 1448 495 1505 teneri
519 1444 555 1505 ad
575 1442 764 1505 differendam
786 1446 873 1506 abso·

97 1538 260 1615 lotionem,
284 1558 396 1619 semper
411 1537 610 1600 accommode
626 1536 739 1599 differre
756 1548 872 1619 potest,

97 1635 254 1712 presertim
268 1654 334 1695 cum
349 1637 442 1712 agitur
456 1632 493 1693 de
507 1635 624 1693 materia
642 1635 717 1712 turpi
731 1652 741 1703 ;
760 1640 873 1693 terretur

97 1727 175 1786 enim
193 1728 253 1807 ipse
269 1737 408 1808 tanquam
432 1726 563 1788 Medicus
585 1730 750 1787 animarum
770 1746 873 1807 oppor-

98 1823 210 1880 tuniora
234 1820 376 1900 applicare
397 1819 547 1891 remedias
569 1830 599 1880 et
622 1828 692 1899 puto
713 1818 885 1881 remedium·

96 1914 189 1991 magis
209 1911 345 1974 idoneum
364 1934 425 1974 non
443 1917 567 1974 inveniri
589 1934 640 1994 pro
660 1934 694 1973 eo
707 1915 760 1992 qui
775 1920 872 1974 manet

96 2008 127 2065 in
146 2009 291 2067 occasione
309 2010 458 2088 proxima,
480 2029 570 2088 quam
588 2007 700 2069 differre
715 2009 742 2067 ei
758 2006 871 2068 absolu·

98 2105 225 2177 tionem,
237 2100 308 2161 dum
318 2104 490 2180 experientia
499 2104 587 2161 nimis
599 2112 676 2182 patet
686 2099 766 2181 quod
777 2101 871 2181 plures

97 2204 161 2273 post
184 2193 391 2254 absolutionem
421 2205 566 2275 acceptam
595 2195 742 2273 negligunt
775 2193 869 2255 media

96 2290 257 2367 prescripta
270 2290 407 2367 exsequi,
420 2298 448 2348 et
461 2291 503 2350 sic
515 2289 597 2350 facile
609 2287 749 2350 recidunt.
765 2289 871 2350 Econ-
910 2329 913 2335 ·

96 2400 199 2457 verso,
223 2400 291 2442 cum
312 2380 396 2442 alicui
411 2381 540 2445 differtur
551 2384 713 2457 absolutio,
733 2382 783 2443 itte
796 2384 871 2462 vigi·

96 2474 200 2537 lantior
212 2477 266 2536 erit
280 2475 318 2537 ad
332 2476 425 2538 medis
443 2477 609 2557 impieuda,
630 2488 659 2538 et
671 2476 709 2537 ad
724 2479 871 2539 obsisten-

96 2568 167 2629 dum
183 2574 405 2646 tentationibus,
423 2574 460 2631 ob
474 2582 583 2632 metum
596 2570 674 2653 quod
688 2575 793 2632 iterum
807 2574 871 2633 siue

96 2659 274 2722 absolutione
298 2661 478 2738 dimittetur,
502 2665 629 2728 eumad
653 2665 871 2727 confessarium

96 2753 210 2817 redibit.
234 2756 318 2818 Forte
335 2760 364 2817 in
379 2758 432 2821 hoc
452 2763 518 2840 quis
536 2781 583 2821 me
604 2763 729 2821 nimium
744 2760 872 2839 rigidum

97 2853 258 2931 reputabit,
269 2851 320 2911 sed
333 2873 384 2931 ego
398 2873 508 2933 semper
520 2857 560 2915 sic
575 2874 622 2914 me
634 2857 707 2932 gessi
718 2855 750 2913 in
765 2858 871 2934 praxi,

96 2949 177 3008 etsie
191 2966 305 3026 pergam
319 2967 366 3008 me
379 2966 473 3025 gerere
485 2968 551 3009 eum
565 2951 600 3008 iis
612 2950 664 3029 qui
677 2957 745 3009 sunt
758 2950 790 3008 in
805 2970 872 3030 pro·

131 3130 169 3190 (¹)
185 3127 242 3182 Lib·
256 3134 291 3195 6,
310 3147 386 3184 num·
401 3140 466 3198 455,
485 3135 516 3187 in
531 3133 594 3187 tine.

790 3234 878 3277 um
