1956 3608
97 197 157 257 230
320 204 427 249 aranu
444 199 651 247 confessum.
683 245 696 261 ,

98 310 201 373 tuata,
216 300 271 357 nisi
285 304 433 374 cognoscat
445 294 509 355 illos
518 313 586 355 vere
597 293 752 374 pmuitere,
771 300 802 351 et
813 309 868 370 pro·

96 413 203 476 ponere
213 391 442 454 emendationem
453 432 465 465 ,
478 389 583 451 saltem
596 388 633 448 de
643 387 744 466 aliquo
752 405 792 446 ex
800 384 871 454 illis;

98 500 149 550 aut
160 491 185 549 si
200 508 258 549 non
272 494 380 566 ponant
395 505 447 566 pro
459 485 578 546 materia
592 480 711 562 aliquod
726 490 871 561 peecatum

98 586 212 663 gravius
221 583 287 640 vitae
297 582 418 660 prioris,
432 589 465 643 ut
474 580 639 641 notavimus
649 576 800 639 num.65.
811 575 870 636 ott

98 685 167 758 quot
179 674 372 737 consessiones
386 672 523 735 invalida
538 676 623 752 (quae
634 673 665 731 in
676 690 712 745 ,se
724 681 872 741 remeunt

100 770 265 848 sacrilegia)
280 769 356 833 liunt
365 772 396 829 in
409 768 463 830 hoc
473 769 510 829 ob
524 766 773 828 confessariorum
784 766 873 845 negli-

100 865 245 942 gentiam!
615 916 619 922 .

144 961 211 1039 189.
239 957 342 1020 xvtt.
373 957 441 1017 lllas
470 953 671 1018 tautummodo
693 958 871 1036 penitentias

100 1056 250 1130 injungat,
267 1071 340 1132 quas
356 1049 526 1128 judicaverit
541 1046 651 1112 lacilea
667 1051 873 1113 Poeuitentibus

98 1141 316 1224 adimplendas,
339 1152 371 1203 ut
393 1141 521 1204 diximus
538 1164 627 1203 rrum.
654 1165 701 1201 rr.
729 1144 871 1206 Sedouret

99 1248 132 1299 ut
155 1237 213 1300 itta
233 1241 292 1301 sint
315 1237 522 1312 medicinales,
543 1247 576 1298 ut
598 1248 696 1299 esserrt
715 1238 870 1320 ireqnerub

98 1331 348 1394 sacramentorum
365 1355 372 1403 ;
399 1335 597 1394 visitationes:
619 1332 824 1395 commendare
845 1355 873 1394 se

67 1424 71 1431 ’
98 1426 163 1487 Deo
175 1447 261 1487 mane
274 1437 302 1486 et
318 1446 456 1506 vespere:
474 1425 557 1487 lectio
580 1426 704 1504 alicujus
725 1427 791 1489 libri
815 1432 874 1510 spi-

98 1519 206 1580 ritualis
228 1542 236 1579 :
256 1518 416 1581 adscribere
434 1539 465 1580 se
482 1520 568 1583 alieni
586 1525 823 1600 congregationi,
847 1535 873 1585 et

98 1614 214 1675 similia.
663 1614 669 1621 ⁸

143 1732 208 1791 ¹90·
228 1711 346 1774 XVlll.
367 1713 497 1774 Personis
511 1712 641 1790 devotis,
662 1734 726 1795 quaa
740 1715 877 1796 frequen·

99 1817 161 1866 tant
185 1807 395 1883 Sacramenta,
418 1829 477 1868 non
494 1812 608 1870 omittat
625 1811 774 1873 insinuare
790 1834 873 1875 usum

98 1903 232 1962 orationis
255 1901 409 1979 mentalis,
432 1902 572 1982 exigendo
592 1904 660 1964 inde
680 1909 820 1969 rationem
839 1909 874 1970 de

97 2017 150 2070 ea,
168 1996 213 2056 vel
230 1996 330 2059 saltem
347 1998 545 2077 interrogando
565 2009 662 2061 utrum
689 2001 770 2063 illam
798 2005 872 2067 fece-

98 2094 164 2153 rint.
200 2091 374 2154 Adbibendo
400 2093 475 2154 banc
498 2096 648 2153 minimam
672 2094 872 2175 diligentiam,

97 2188 219 2264 quisque
231 2186 428 2249 confessarius
441 2190 542 2264 poterit
555 2187 660 2248 multas
670 2194 783 2252 animas
793 2213 871 2254 sanc·

97 2279 214 2339 tilicare.
229 2278 289 2339 Nec
306 2282 342 2339 sit
363 2283 486 2340 renitens
501 2283 531 2340 in
545 2283 726 2347 concedenda
739 2308 872 2349 commu-

98 2375 184 2433 nione
205 2372 371 2455 frequenti,
391 2378 502 2457 quoties
519 2381 630 2453 cernit,
655 2390 705 2440 aut
718 2383 871 2462 prudenter

98 2472 242 2531 existimat
267 2470 455 2534 Punitentem
483 2472 607 2535 fructum
630 2493 666 2534 ex
695 2494 727 2536 ea
755 2498 872 2560 pereep-

98 2573 206 2624 turum.

141 2678 206 2736 ¹9¹·
220 2657 308 2716 xlx.
330 2658 510 2738 scrupulosis
525 2665 652 2740 personis
666 2667 794 2729 insinuet
806 2679 871 2732 ante

98 2755 194 2813 omnia
218 2748 432 2828 obedientiam,
453 2753 567 2835 illisque
592 2776 704 2837 semper
726 2763 869 2841 inculcet,

96 2847 173 2928 quod
184 2847 342 2911 obediendo
355 2859 440 2911 erunt
452 2870 577 2925 seonrae,
597 2854 789 2919 inobediendo
805 2881 872 2922 vero

96 2956 239 3022 exponent
253 2965 282 3004 se
298 2944 423 3026 periculo
437 2944 639 3007 damnationis.
654 2949 785 3012 Viriliter
797 2975 871 3016 sem-

96 3054 147 3113 per
179 3048 208 3096 et
239 3038 326 3116 rigide
357 3043 452 3120 exigat
479 3039 695 3118 obedientiam,
730 3047 871 3128 intrepide

96 3142 207 3207 semper
214 3127 362 3209 ‚loquendo
381 3153 389 3204 ;
405 3135 473 3212 quia
488 3135 511 3192 si
524 3154 590 3194 cum
602 3136 703 3215 timore
714 3135 868 3217 loquetur,
