1956 3608
100 238 156 300 135
315 245 419 292 rutxrs
440 244 644 319 eunrusstun.

96 325 224 405 hortetur
244 339 282 401 ad
298 340 456 400 vivendum
476 360 608 401 securum
626 339 663 400 de
683 356 736 399 sua
754 335 861 411 salute,

97 454 208 516 semper
220 433 303 496 acad
315 432 415 494 Jesum
433 434 579 494 Christum
593 475 603 508 ,
623 442 651 493 et
665 433 790 493 Mariam
804 448 863 492 con·

96 527 188 607 fugit;
201 534 276 586 certe
285 527 362 584 euim
375 527 427 604 ipsi
439 524 607 586 exaudiunt.
625 548 654 585 α.
670 524 705 583 Εἰ
720 519 864 602 probibeat

96 619 251 698 quominus
264 615 337 693 legat
355 616 440 676 libros
453 620 503 696 qui
518 615 664 696 scrupulos
676 617 824 689 excitant,
841 621 865 672 et

96 712 252 790 quominus
270 719 398 771 versetur
420 730 486 770 cum
509 708 704 789 scrupulosis3
725 717 754 768 et
769 711 792 767 si
807 710 865 789 quis

96 809 150 866 erit
172 807 260 865 nimis
277 807 415 882 augustiis
429 804 546 866 affectus
559 847 568 878 ,
581 807 606 864 ei
620 813 698 865 vetet
710 823 749 864 ue
759 805 866 865 concio·

96 899 182 958 nibus
196 906 299 959 terrore
313 897 405 976 plenis
415 900 604 970 interveniat,
624 906 653 956 et
669 914 706 955 ue
719 896 867 957 conscien-

96 994 166 1052 tiam
181 993 324 1051 examinet
338 989 374 1048 de
387 992 422 1048 iis
439 992 543 1063 rebus,
568 990 673 1069 quibus
685 989 866 1070 scrupulum,

94 1084 145 1143 sed
160 1082 388 1142 irrationabiliter
410 1082 505 1142 habet.
530 1086 559 1144 3.
582 1085 614 1142 Si
638 1083 789 1164 scrupulus
804 1103 867 1143 cou-

95 1179 169 1236 sistit
192 1178 222 1235 in
247 1178 348 1236 timore
366 1175 450 1237 malis
466 1179 683 1253 cogitationibus
697 1177 867 1238 assentiendi

98 1274 170 1340 (ver.
179 1289 219 1346 gr.
228 1279 324 1330 contra
333 1267 433 1345 fidem,
446 1274 610 1351 puritatem,
621 1272 867 1343 solennitatem),

98 1362 295 1422 Confessarius
309 1366 345 1422 sit
359 1363 428 1422 liber
442 1375 470 1422 et
489 1363 645 1444 intrepidus
662 1368 692 1424 in
714 1369 868 1446 parvipen-

98 1455 193 1515 dendo
202 1475 269 1513 eum
280 1498 290 1528 ,
303 1466 332 1514 et
347 1459 376 1514 in
391 1457 542 1516 asserendo
549 1458 720 1529 Poenitenti,
734 1459 868 1537 bascogi·

97 1553 216 1610 tationes
231 1569 291 1608 esse
304 1551 358 1610 sibi
374 1569 490 1631 prunas,
508 1571 567 1611 non
583 1563 679 1613 autem
694 1573 868 1629 consensus,

96 1664 149 1705 nec
160 1655 272 1724 peccata
287 1666 296 1716 ς
310 1648 378 1705 etin
389 1645 442 1706 hoc
453 1649 609 1726 praecipue,
628 1657 661 1706 ut
671 1647 869 1708 confessarius

97 1749 194 1800 utatur
207 1739 254 1800 illa
270 1739 362 1817 regula
373 1761 460 1820 quam
473 1744 620 1818 assignant
632 1741 699 1800 DD.
717 1746 782 1816 (r),
794 1740 869 1823 quod

97 1855 162 1895 cum
174 1854 291 1913 persona
305 1844 347 1894 est
360 1837 498 1896 timorata
511 1839 689 1898 conscientia
700 1880 709 1911 ,
722 1840 816 1898 sinon
829 1847 868 1897 est

96 1929 161 2009 plus
182 1948 270 2007 quant
290 1938 363 1989 certa
383 1927 419 1988 ‹le
436 1940 548 2009 peccato
568 1932 702 2005 mortali,
724 1932 809 1993 debet
825 1937 870 2010 ju-

96 2018 190 2079 dicare
211 2018 282 2079 illud
305 2040 363 2081 non
388 2020 561 2092 admisisse;
585 2022 748 2102 siquidem,
780 2035 812 2084 ut
831 2028 870 2084 ait

96 2113 128 2173 P.
142 2113 283 2187 Alvarez,
298 2124 411 2174 tantum
427 2125 586 2174 monstrum
603 2116 735 2194 possibile
748 2138 808 2178 nun
828 2127 869 2176 est

96 2209 271 2266 inanimam
292 2207 403 2265 aditum
426 2207 531 2266 habere
549 2227 613 2286 quae
628 2210 665 2268 ab
687 2209 734 2269 illo
754 2209 868 2282 horret,

96 2299 165 2376 quin
177 2306 303 2376 patenter
313 2296 385 2356 illud
398 2297 501 2358 rideat.
515 2298 599 2359 Unde
609 2299 720 2380 prodest
731 2343 741 2376 ,
752 2321 868 2381 scrupu-

98 2390 162 2451 losis
183 2388 326 2450 interdurn
349 2393 494 2472 imponere
514 2413 552 2452 ne
569 2397 682 2473 penitus
706 2392 743 2453 de
765 2395 869 2456 talibus

97 2475 312 2561 cogitationibus
323 2503 353 2544 se
363 2496 512 2560 accusent,
527 2490 581 2545 nisi
594 2489 661 2546 certi
677 2488 753 2563 sint,
764 2497 868 2549 etcum

95 2576 257 2652 juramento
270 2580 362 2636 testari
376 2581 482 2657 possint
493 2599 523 2637 se
532 2599 702 2640 consensum
712 2591 867 2659 praestesse.

98 2670 132 2728 Et
145 2669 190 2728 bic
205 2668 384 2742 notandum,
402 2669 479 2748 quod
494 2671 651 2751 scrupulosi
665 2689 723 2730 uon
742 2682 811 2732 sunt
824 2690 869 2732 re-

98 2760 181 2843 gendi
205 2759 309 2839 regulis
330 2763 566 2841 particularibus,
591 2762 641 2823 sed
665 2764 866 2840 generalibus:

99 2859 204 2918 etenim
233 2855 447 2935 particularibus
480 2856 582 2934 regulis
609 2857 765 2936 scrupulosi
787 2879 867 2918 nun-

99 2971 186 3029 quam
208 2949 384 3023 deveniunt,
414 2959 446 3008 ut
460 2968 490 3010 se
506 2948 680 3031 expediant,
707 2949 865 3015 dubitando

131 3138 168 3199 u)
179 3135 241 3189 urb.
253 3140 288 3203 s,
303 3151 379 3190 num.
391 3141 452 3205 47⁶.
