1956 3608
246 202 272 276 ς.
287 186 326 262 rr(
343 216 556 261 cruciaremur
574 219 734 263 orrrcrurr.
839 224 876 284 rp

98 326 164 368 aure
190 310 370 368 eonscientiae
397 307 464 369 huic
487 312 618 368 notitiam
645 312 779 390 prebeat.
817 309 875 370 sm

100 399 188 459 multi
207 399 255 461 alii
273 402 361 460 etiam
376 400 558 480 probabiliter
572 398 671 465 dicunt
686 404 734 478 (r)
749 401 802 462 boc
816 420 877 460 non

96 511 169 552 esse.
186 494 399 566 necessarium,
422 513 487 553 cunr
505 490 630 554 sufficiat
651 493 730 574 quod
755 494 877 554 Confes-

100 585 194 643 sarius
208 582 345 661 judicium
364 584 469 658 faciat,
490 583 526 645 arl
544 585 598 646 hoc
619 595 651 646 ut
673 597 764 647 motet
784 588 877 666 pruni·

100 679 242 753 tentiam,
263 697 324 739 esse
339 675 544 739 insufficientes
559 676 728 741 Paenitentis
745 683 820 740 vires
834 679 876 742 illl

100 775 180 833 oneri
191 772 307 834 ferendo
319 794 328 844 r
340 793 408 835 cunr
421 783 518 835 contra
532 775 621 853 poerit
634 793 668 835 ex
682 776 804 854 ipsamet
815 794 876 855 por-

99 862 223 929 bitentia
237 870 370 948 imposita
384 884 499 942 arguere
512 872 661 928 materiam
677 880 878 948 peecatorum,

98 981 154 1040 pro
169 962 275 1040 quibus
287 959 334 1020 illa
352 962 478 1049 injuncta
502 970 564 1020 erat
583 981 590 1029 ;
614 972 641 1020 et
655 963 694 1022 ita
712 983 742 1023 se
760 962 879 1040 dirigere

100 1063 215 1133 potest,
239 1064 290 1115 aut
312 1056 341 1114 in
363 1053 596 1126 mutandosaut
612 1054 810 1116 diminuendo.
840 1058 877 1120 Er

100 1145 285 1226 probabiliter
306 1157 396 1225 potest
421 1144 451 1203 id
477 1146 677 1207 Confessarius
699 1154 760 1221 (a)
784 1168 821 1208 ex
844 1167 879 1210 se

99 1237 235 1311 efficere,
260 1259 326 1298 curn
347 1237 485 1318 praevidet
509 1239 586 1318 quod
607 1240 752 1300 Pornitens
772 1244 877 1301 verisi-

101 1332 209 1394 militer
222 1336 438 1412 poenitentiam,
454 1343 486 1392 nt
500 1343 583 1394 antea
595 1372 605 1407 ‚
618 1335 757 1412 negligere
770 1345 876 1416 perget.

98 1428 236 1487 Attamen
253 1426 433 1487 confessario
446 1427 572 1486 inferiori
584 1448 641 1486 non
653 1439 695 1489 est
706 1433 875 1508 permissum

99 1524 255 1582 immorare
279 1524 476 1601 poenitentiam
497 1525 662 1602 impositam
684 1543 702 1582 a
725 1523 878 1604 Superiora

99 1634 152 1695 pro
168 1617 335 1688 reservatis,
360 1623 437 1674 extra
452 1632 550 1674 casum
565 1634 623 1692 quo
643 1614 787 1674 Poenitens
797 1613 877 1676 diffi-

99 1706 191 1768 culter
209 1718 303 1788 posset
322 1706 430 1784 regredi
454 1705 491 1766 ad
512 1704 709 1785 Superiorem,
733 1716 762 1767 et
779 1717 876 1771 contra

97 1804 196 1880 gravis
218 1821 305 1864 causa
335 1811 444 1877 urgeret
471 1811 503 1860 ut
534 1802 699 1879 punitentia
729 1810 876 1874 muteturr

99 1898 169 1974 quia
194 1905 263 1955 tunc
288 1893 490 1952 rationabiliter
513 1896 694 1972 praesumitur
715 1893 877 1974 Superioris

100 1992 284 2050 conniventia
301 1989 357 2058 (3).
382 1986 422 2045 V.
447 1986 514 2044 Non
536 1997 630 2064 potest
650 1991 754 2047 mutari
779 1989 877 2067 poeni-

102 2083 191 2139 tentia
208 2090 285 2140 extra
310 2077 539 2148 confessionem,
564 2096 602 2136 ne
623 2079 660 2138 ab
678 2082 740 2156 ipso
756 2079 875 2157 quidem

102 2172 305 2242 Confessario;
323 2182 435 2232 tantum
454 2180 546 2250 potest
562 2170 616 2231 boc
631 2170 691 2230 lieri
706 2172 743 2231 ab
758 2170 807 2232 illo
822 2174 877 2232 irn-

101 2268 227 2329 mediate
241 2277 304 2348 post
317 2265 414 2326 datam
431 2265 659 2337 absolutionem,
678 2273 709 2345 et
719 2275 876 2346 antequam

101 2363 248 2421 Poenitens
261 2380 276 2418 a
292 2357 490 2418 confessionali
506 2356 633 2416 discedat
648 2360 706 2428 (4).

148 2455 194 2524 ¹4·
219 2451 300 2510 Circa
316 2449 523 2509 satisfactiones
542 2449 572 2505 in
595 2446 756 2525 particulari
779 2449 877 2526 impo-

101 2544 235 2617 nendas,
258 2540 486 2617 advertendum,
508 2539 730 2601 satisfactionem
752 2560 810 2600 non
832 2561 877 2600 so·
915 2533 917 2538 ’

103 2641 164 2701 lum
180 2637 282 2698 debere
300 2655 361 2696 esse
377 2634 595 2710 medicinalem,
616 2634 767 2695 sedetiam
785 2634 878 2715 culpis

102 2735 251 2816 praeteritis
268 2730 492 2791 satisfactorium.
518 2729 625 2809 Regula
639 2728 743 2790 harum
758 2730 877 2809 requirit

136 2926 175 2982 (r)
192 2916 463 2986 Num529.Dub.r.
564 2919 605 2981 (a)
623 2909 791 2967 thininfio-
831 2926 868 2994 '-

138 3021 175 3081 (3)
194 3018 270 3069 Dicto
283 3031 356 3066 num.
371 3019 429 3078 ⁵29·
441 3011 509 3064 Dub.
523 3028 548 3061 2.

137 3117 175 3180 tt)
193 3112 271 3166 Dicto
282 3124 357 3163 nom.
371 3111 429 3174 ⁵²9·
446 3102 516 3158 nuh.
527 3101 557 3157 3.
629 3109 634 3114 “
