1956 3608
99 222 158 285 255
318 236 424 281 enarre
445 234 648 278 conrassnnn.

98 341 187 394 curet.
203 331 237 390 Et
249 334 287 390 ita
297 334 381 390 etiam
392 372 404 405 ,
417 332 440 388 si
455 331 606 389 necessitas
617 348 676 389 non
688 337 805 407 urgeat,
819 336 865 390 noo

98 426 134 486 de
147 427 263 500 litibus,
281 425 364 497 filiis,
379 424 481 495 bonis,
495 422 614 502 aliisque
632 426 716 483 rebus
737 425 867 504 imperti·

97 522 231 581 nentibns
244 537 279 577 ne
294 518 414 576 verbum
429 516 545 596 quidem
561 516 655 577 faciat.

138 621 206 674 atr.
227 612 281 671 111.
302 612 368 671 Post
386 615 470 688 igitur
484 631 572 691 quam
587 612 721 672 morbum
736 611 869 690 periculo

98 728 161 768 sum
177 726 238 766 esse
252 704 490 785 deprehenderit,
511 708 540 763 in
556 707 653 784 primis
668 725 727 763 non
743 705 868 785 alloqua-

98 813 143 861 tur
158 802 306 860 infirmum
320 798 355 858 de
370 800 576 872 Confessione‚
602 797 651 857 sed
673 808 789 858 tantum
806 819 868 859 enm

97 896 132 957 de
144 897 328 969 infirmitate,
348 894 511 968 doloribus,
526 903 553 953 et
564 891 711 971 quomodo
721 893 869 955 valeatbc·

97 994 183 1068 nigne
198 994 357 1065 interroget.
380 990 516 1048 Hortetur
529 987 618 1062 inde,
643 997 676 1047 ut
690 1007 722 1047 se
739 988 796 1048 Dei
818 1009 868 1048 vo·

98 1085 199 1142 lontati
221 1083 395 1151 conformet,
423 1091 513 1160 utque
534 1101 601 1140 snas
623 1100 689 1141 cum
709 1081 826 1143 Christo
842 1085 869 1141 in

96 1198 177 1238 cruce
192 1176 335 1254 languenti
352 1195 449 1255 poenas
463 1173 637 1252 coniungat,
654 1194 768 1236 necnon
780 1186 809 1235 nt
823 1195 867 1235 eas

98 1294 148 1352 pro
169 1282 347 1351 peccatorum
365 1270 555 1330 satisfactione
573 1272 714 1349 patienter
727 1270 808 1330 serat.
833 1269 867 1328 Et

97 1369 137 1426 sic
161 1365 320 1444 paulatim,
351 1384 407 1442 qna
431 1382 482 1442 par
502 1373 543 1422 est
563 1362 739 1442 prudentia,
768 1364 868 1437 illum,

98 1471 210 1538 tempos
235 1481 250 1517 a
277 1478 333 1536 qno
358 1457 502 1516 consessus
528 1459 564 1515 sit
586 1457 809 1534 interrogando,
833 1455 868 1517 ad

98 1552 312 1612 contessionem
328 1549 454 1611 inducat.
480 1552 597 1610 Maneat
613 1561 645 1610 ut
659 1570 771 1610 omnem
788 1571 869 1610 snam

96 1664 175 1724 spem
189 1647 220 1702 in
233 1643 295 1702 Deo
305 1653 392 1722 ponat
405 1685 414 1717 ,
432 1645 480 1722 qni
493 1652 591 1722 potens
603 1646 746 1721 estipsnm
758 1645 788 1700 in
800 1646 869 1722 pris·

97 1740 212 1809 tinam,
234 1738 257 1793 si
273 1734 360 1808 velit,
383 1734 515 1794 reducere
531 1736 693 1793 sanitatem.
717 1736 756 1792 At
771 1735 867 1795 eodem

98 1838 223 1906 ternpore
244 1828 349 1884 sensim
369 1823 473 1884 efficiat
492 1836 523 1886 ut
538 1836 657 1901 egrotus
671 1846 729 1886 suae
745 1827 868 1886 infirmi-

98 1923 163 1979 tatis
191 1918 346 1997 pericnlum
376 1928 518 1994 agnoscat.
560 1918 716 1976 Praesertim
741 1917 868 1979 advertat

97 2034 135 2074 ne
151 2012 198 2072 ilie
220 2015 338 2071 omnino
362 2011 449 2071 tidem
475 2013 597 2091 praebeat
618 2011 735 2088 medicis
753 2024 780 2072 et
804 2035 867 2094 pro-

81 2107 230 2185 -pinquis‚
245 2108 294 2184 qni
309 2104 381 2162 forte
396 2104 484 2161 morbi
500 2108 665 2179 gravitatem
680 2107 705 2162 ei
718 2106 865 2179 celabunt3

97 2217 134 2256 ne
149 2200 241 2274 ipsum
258 2214 376 2254 moerore
394 2192 529 2253 afficiant.
554 2194 637 2253 Dicat
658 2200 795 2274 sapientis
812 2216 867 2256 esse

97 2287 251 2371 previdere
272 2290 376 2347 futura.
407 2289 568 2363 Hortetur‚
591 2288 667 2369 quod
693 2289 763 2349 dum
790 2311 867 2354 mens

97 2385 196 2458 valet,
223 2381 439 2443 contessionem
468 2386 626 2462 suscipiat,
658 2403 722 2462 quae
747 2389 865 2467 corporis

97 2482 181 2540 saluti
210 2483 257 2548 (si
286 2483 389 2539 animae
417 2479 595 2560 expedierit)
624 2482 709 2538 etiam
737 2482 868 2560 proderit.

96 2575 193 2634 Refert
204 2574 394 2632 Belluacensis
406 2574 441 2631 de
452 2572 578 2652 quodam
591 2575 780 2651 moribundo,
792 2576 866 2656 quod

96 2671 190 2728 statim
204 2687 236 2725 ac
251 2669 310 2744 ipse
319 2687 368 2725 sua
381 2668 526 2726 confessus
542 2667 594 2727 suit
606 2680 737 2747 peccata,
751 2691 767 2730 e
782 2683 866 2733 strato

96 2763 246 2826 incolumis
258 2764 386 2821 surrexit.
399 2762 866 2843 PariterCantipratensisenarrat‚
903 2812 908 2817 -

97 2853 307 2936 quodquidam
321 2873 428 2933 eques,
454 2857 502 2913 ubi
519 2855 606 2914 multa
622 2876 680 2915 non
704 2858 868 2937 profuerunt

96 2949 311 3024 medicamina,
341 2949 523 3017 confessionis
549 2951 654 3011 virtute
676 2956 772 3014 statim
798 2973 865 3015 con·

99 3043 198 3104 vaiuit.

131 3132 203 3198 232.
219 3133 251 3196 st
271 3143 368 3199 tamen
386 3147 504 3218 egrotus
519 3137 681 3202 dilationem
699 3143 817 3220 querit,
840 3150 866 3200 et
