1956 3608
100 217 139 287 64
317 224 420 269 rnlxrs
443 225 647 269 conressrnu.

98 340 163 401 qun
181 319 342 398 frequenter
358 317 511 395 accidunt,
525 328 631 397 etqua
645 316 734 394 magis
746 312 784 377 ad
801 335 865 395 pra·

98 415 156 474 xirn
182 414 330 490 pertinent.
358 411 394 470 Et
421 433 445 470 1.
465 430 530 470 cum
552 409 655 489 aliquis
678 409 707 467 in
730 410 866 469 comitatu

99 507 216 567 aliorum
234 505 358 565 furatum
376 507 451 578 ivit,
471 501 663 582 adjudicium
683 501 866 562 formandum

99 599 122 657 si
137 599 196 676 ipse
214 597 251 657 sd
271 607 362 658 toturn
388 596 528 658 damnum
549 605 702 669 teneatur,
726 614 763 655 an
787 615 866 669 non,

98 687 330 769 distinguendum
347 701 409 751 est:
426 694 450 750 si
465 691 511 750 ille
525 710 628 750 merea
642 691 724 750 sociis
734 687 867 751 inductus

98 783 171 860 suit,
187 795 214 845 et
229 788 289 845 sine
303 790 364 866 ipso
377 784 436 863 jam
452 784 559 844 furtum
578 782 743 856 accidisset,
766 781 867 843 eorlern

98 878 183 939 ruodo
200 900 257 959 quo
273 879 395 953 recidit,
417 900 475 939 non
499 880 639 939 tenebitur
658 877 696 938 ad
714 877 794 938 aliud
811 898 868 939 res·

98 972 282 1047 timendum,
299 993 387 1051 quarn
402 971 478 1050 quod
493 972 540 1032 ille
555 974 689 1050 surripuit
705 992 713 1042 ς
731 973 754 1031 si
770 983 867 1033 autern

97 1065 269 1128 concorditer
295 1066 437 1135 (alternis
453 1067 507 1125 sibi
529 1068 639 1126 animos
658 1067 867 1138 incitantibus>

97 1160 135 1222 ad
157 1159 310 1222 furandum
333 1162 461 1235 iverint,
486 1171 553 1222 tunc
569 1163 694 1240 quisque
710 1169 824 1221 tenetur
837 1164 867 1221 in

98 1254 219 1316 solidum
234 1254 271 1317 ad
294 1258 498 1316 restitutionem
521 1259 576 1326 (r).
603 1256 646 1316 lta
669 1257 700 1314 in
721 1254 866 1327 theorica;

99 1345 198 1408 sedin
221 1349 300 1423 praxi
324 1346 428 1419 rudes,
450 1349 601 1426 prasertim
625 1344 666 1405 illi
689 1348 738 1425 qui
765 1366 868 1426 parurn

99 1449 166 1500 sunt
183 1439 352 1499 meticulosae
366 1443 565 1512 conscientia,
589 1436 740 1500 difficulter
756 1438 867 1501 suaderi

98 1541 216 1612 possunt
238 1533 325 1590 teneri
346 1530 383 1592 ad
405 1530 633 1602 restituendum,
655 1530 732 1610 quod
751 1533 788 1592 ab
805 1531 868 1592 aliis

46 1688 49 1693 ,
97 1634 242 1704 aooeptum
264 1633 331 1684 est:
355 1634 507 1700 econtra,
530 1624 638 1684 domini
663 1626 716 1704 ipsi
743 1628 868 1686 contenti

97 1729 164 1779 sunt
178 1717 215 1779 de
228 1721 355 1798 portione
369 1717 482 1779 illorum
496 1761 506 1792 ‚
527 1720 563 1778 ob
577 1717 700 1798 idipsum
715 1760 724 1793 ,
749 1718 827 1797 quod
844 1723 867 1779 si

98 1812 259 1890 obligantur
269 1810 304 1871 ad
318 1821 425 1885 totum,
439 1811 556 1872 faciliter
566 1815 709 1872 restituere
717 1815 868 1888 emittent,

95 1904 202 1967 nedum
215 1904 292 1984 quod
305 1904 351 1965 alii
366 1917 553 1986 aeceperunt,
569 1905 715 1967 sedetiam
727 1905 804 1985 quod
816 1929 868 1969 ae·

96 2002 168 2079 oepit
183 2002 252 2079 ipse.
276 1999 425 2077 Propterea
443 2001 639 2062 confessarius
653 2001 678 2059 ei
694 2001 763 2059 scire
783 2000 869 2062 iaciat

95 2112 127 2157 ae
149 2095 235 2153 teneri
248 2090 291 2154 >ad
316 2096 540 2166 restitutionem,
561 2096 633 2174 quin
646 2093 765 2172 explicet
776 2114 869 2174 quan·

98 2189 229 2260 litatem,
257 2187 401 2245 restituere
422 2186 527 2247 iaciens
549 2175 689 2266 qnantum
717 2185 867 2247 suaittius

49 2304 53 2310 ·
96 2281 264 2341 conscientia
280 2278 367 2339 dictat
382 2284 438 2352 (a).
452 2303 481 2339 2.
494 2279 710 2340 advertendum
720 2283 866 2341 neminem

97 2376 184 2435 teneri
197 2373 233 2433 ad
244 2372 382 2434 damnum
396 2373 506 2435 illatum
518 2370 744 2448 restituendum,
759 2378 782 2434 si
795 2375 868 2435 nihil

97 2468 151 2537 sibi
165 2465 295 2526 utilitatis
306 2469 423 2540 evenit,
440 2469 463 2525 si
477 2465 549 2526 illud
566 2465 705 2527 damnum
721 2465 819 2525 saltem
836 2470 867 2527 in

95 2560 214 2620 conl'uso
229 2579 287 2618 non
310 2559 439 2638 praevidit
461 2561 528 2633 (3),
551 2568 601 2618 ant
618 2561 672 2617 nisi
693 2578 743 2638 per
765 2558 867 2635 judicis

96 2653 266 2712 sententiam
284 2650 321 2710 ad
343 2650 482 2712 damnum
503 2650 689 2713 reficiendum
711 2652 868 2715 mulctatus

133 2842 172 2903 (ι)
189 2805 271 2894 Num.
284 2841 341 2902 ⁵79·
353 2855 378 2891 v.
390 2838 537 2906 Queritur.

133 2952 169 3009 (2)
187 2945 252 2999 tbid.
271 2948 299 2998 in
311 2944 359 2999 fin.
375 2955 403 2999 et
420 2949 496 3001 Auct.
515 2947 638 3001 instruet.
654 2961 704 3018 pro
720 2945 865 3007 Confesar.

96 3026 243 3096 Pegorurn,
263 3044 287 3078 c·
302 3034 325 3082 8.

130 3135 167 3201 p>
184 3112 258 3202 uls,
280 3136 386 3204 noa,
404 3137 492 3206 rura,
587 3177 592 3189 .
