1956 3608
308 122 324 151 0·

233 219 260 291 §.
275 232 550 279 1V·clttctwntcts
565 196 725 278 oneremur.
826 222 864 300 69

98 326 195 400 curet,
211 335 243 385 ut
254 325 419 403 hujusmodi
430 326 515 387 lamae
524 329 787 407 compensationes,
801 347 867 387 cum

98 418 245 480 commode
260 419 319 478 fieri
332 430 468 500 possunt,
481 429 547 480 ante
558 421 765 480 absolutionem
778 421 867 492 liant,

99 511 164 588 quia
186 519 285 588 postea
308 506 461 570 difficulter
484 507 706 588 adimplentur;
734 510 798 571 licet
822 510 867 571 hae

98 603 195 660 minus
208 599 384 663 difficultatis
396 600 538 675 habeant,
557 620 645 681 quam
661 605 786 682 pecunia
805 624 868 662 res-

99 695 202 754 titutio.
226 695 362 774 Denique
376 694 423 754 hic
438 693 624 766 advertatur,
648 694 724 774 quod
749 699 867 774 proximi

100 785 233 847 delictum
250 787 428 867 patefacere,
457 795 525 847 tunc
542 789 652 865 proprie
668 785 802 847 detractio
821 789 869 848 di-

99 882 194 958 cit'nr,
214 890 243 940 ct
256 889 299 939 est
313 888 485 961 peccatum,
507 899 573 938 cnm
589 878 766 955 intenditur,
786 891 817 941 ut
830 885 870 942 ait

99 971 129 1031 S.
144 972 278 1032 Thomas
298 976 343 1043 (r)
358 996 378 1048 ,·
393 992 488 1032 arnam
502 972 623 1036 alterius,
634 971 797 1050 denigrare,
812 994 871 1034 non

99 1076 196 1124 autem
214 1085 279 1124 cum
296 1063 453 1124 intenditur
470 1063 586 1144 aliquod
600 1064 742 1126 damnum
761 1070 870 1143 vitare,

99 1169 131 1218 ut
143 1168 218 1218 esset
230 1168 378 1238 parentes,
395 1157 561 1231 dominum,
577 1159 724 1238 praelatum
742 1165 871 1221 certiores

100 1251 214 1324 lacere,
234 1262 267 1310 ut
281 1270 345 1310 reus
359 1250 546 1323 emendetur,
568 1260 619 1310 aut
632 1250 752 1310 aliorum
766 1250 873 1312 damno

100 1344 266 1407 consulatur
276 1365 283 1415 ;
295 1344 380 1405 modo
391 1345 466 1405 illius
477 1344 617 1405 damnum
625 1365 683 1406 non
695 1356 767 1406 esset
776 1351 873 1424 magni

101 1440 239 1519 momenti
253 1481 263 1512 ,
278 1448 328 1498 aut
342 1438 423 1516 longe
438 1443 534 1499 miuus
554 1437 665 1500 damno
684 1439 802 1500 infamia
817 1459 871 1500 no-

102 1536 151 1593 tati
163 1532 353 1611 :observetur
368 1531 397 1591 id
409 1531 486 1612 quod
499 1531 620 1592 habetur
634 1535 664 1592 in
678 1552 761 1611 opere
777 1539 789 1602 (
809 1541 832 1604 ).
879 1556 882 1561 ·
935 1529 951 1571 Γ

140 1627 190 1699 tu.
211 1626 294 1685 Circa
311 1624 440 1684 debitum
455 1622 622 1684 restituendi
640 1623 723 1683 alicui
734 1625 873 1685 honorem

103 1718 246 1795 ablatum,
258 1727 370 1798 propter
380 1717 582 1779 contumeliam
596 1719 621 1774 ei
633 1718 800 1794 irrogatam,
815 1721 874 1793 jam

103 1823 198 1874 actum
212 1823 254 1872 est
271 1817 301 1871 in
315 1802 464 1891 i’raecepto
484 1813 522 1871 V.
546 1831 576 1869 n.
603 1811 652 1870 36.
681 1812 715 1868 lu
730 1809 783 1871 hoc
801 1811 878 1872 Prae·
945 1848 968 1883 ,f

103 1916 183 1986 cepto
195 1907 280 1966 Vlll.
298 1904 366 1962 Du.
382 1907 467 1964 etiam
490 1915 578 1980 agunt
599 1903 635 1962 de
654 1902 768 1985 judiciis
789 1914 876 1965 terne·

104 2002 194 2062 rariis.
213 2000 299 2060 lllulti
316 1996 401 2058 rudes
414 2017 444 2056 se
458 2007 591 2058 accusant
600 2017 629 2055 se
642 1984 716 2056 niale
729 1998 764 2056 de
778 1999 877 2078 aliquo

104 2095 236 2154 sensisse.
250 2093 285 2151 ln
296 2092 350 2153 hoc
361 2111 431 2171 opus
443 2101 486 2150 est
499 2088 665 2165 advertere,
684 2111 708 2147 1.
722 2089 875 2169 quodcum
970 2160 976 2177 Ι

105 2189 212 2248 motiva
231 2183 400 2246 sufficientia
411 2182 517 2245 adsunt
527 2186 566 2245 sic
577 2181 722 2259 judicandi
735 2182 876 2262 dealiquo

106 2280 199 2357 tacto,
214 2280 353 2358 judicium
369 2299 427 2340 non
449 2288 491 2338 est
510 2281 714 2352 temerarium,
738 2276 788 2336 sed
812 2281 877 2354 jus·
911 2283 914 2287 '

108 2385 184 2453 tum,
193 2386 221 2436 et
231 2384 376 2456 propterea
387 2373 469 2454 culpa
479 2382 564 2433 caret.
573 2394 601 2432 2.
613 2373 700 2461 Quod
708 2374 879 2453 plerumque

107 2467 166 2531 haec
179 2489 238 2530 non
252 2479 320 2529 sunt
337 2467 440 2546 judicia
456 2494 466 2541 ,·
487 2465 537 2525 sed
551 2469 743 2545 suspiciones,
759 2468 789 2524 in
805 2486 877 2546 quas
961 2502 977 2557 ,³

108 2564 218 2625 domini
240 2574 266 2623 et
286 2563 503 2643 patresfamilias
516 2560 671 2642 aliquando
689 2570 822 2621 tenentur
834 2563 879 2623 in·
950 2566 961 2607 ν’

109 2657 194 2733 ducis
215 2665 247 2717 ¹1¹
260 2655 375 2736 aliquod
392 2667 538 2737 peccatum
554 2655 733 2740 impediant,
755 2675 798 2718 ex.
813 2677 853 2734 gr.
867 2699 877 2732 ,
950 2676 975 2699 ²-

110 2771 146 2816 ne
170 2756 244 2814 servi
269 2751 416 2826 furentur,
440 2771 477 2812 ne
497 2751 563 2810 filiae
584 2761 699 2831 peccent
719 2771 785 2811 cum
808 2753 879 2810 viris

112 2845 268 2923 versando,
283 2857 337 2907 etc.
351 2834 567 2907 Tantummodo
579 2863 625 2905 eos
634 2843 670 2904 de
680 2843 733 2905 hoc
745 2853 879 2919 moneat,

144 3035 184 3094 (1)
200 3030 334 3085 S.Thom.
348 3035 530 3099 2,a,q.73,
549 3042 610 3083 m·

149 3128 188 3195 (a)
206 3125 261 3180 Lib.
273 3126 308 3193 3,
325 3141 399 3177 num.
411 3127 470 3191 669.
