1956 3608
237 209 264 282 §.
279 226 325 268 rv.
344 220 432 267 crnct
449 225 562 267 sonrors
578 223 740 270 omicron.
834 232 871 292 qr

102 321 199 382 raliter
209 317 437 395 advertendum,
452 318 530 400 quod
542 322 591 381 obi
603 323 697 400 agitur
707 320 744 383 de
752 323 877 403 periculo

102 419 207 496 peccati
220 413 365 492 formalis,
383 422 412 474 et
423 417 536 495 precise
551 417 657 496 peccali
672 418 781 496 turpis,
797 416 877 479 Corr-

101 510 235 570 lesaarins'
255 510 472 591 quantomagis
494 510 613 586 rigorem
631 529 696 572 cnm
714 511 877 572 Poenitente

98 593 268 681 adhibebit,
286 611 367 664 tanto
385 603 478 680 magis
494 598 558 679 eius
576 600 662 663 saluti
685 602 807 684 proderit
825 623 834 676 ς
858 607 876 666 e

99 705 223 772 contra,
249 704 329 757 tanto
358 697 450 774 magis
474 713 542 756 cnm
567 694 615 755 illo
639 698 774 757 immanis
795 700 873 772 erit,

100 792 315 874 quantomagis
334 791 477 868 benignas
498 792 551 849 erit
573 790 603 848 in
629 790 820 870 permittendo
842 803 876 853 nt

99 884 146 946 ille
171 888 200 946 in
223 887 371 946 occasione
386 890 525 958 maneat,
549 891 600 943 out
621 903 652 942 se
672 885 818 946 immittat.
842 885 876 947 S.

98 981 233 1048 Thomas
250 979 287 1041 de
301 978 454 1041 villanova
473 978 670 1039 Conlesmrios
681 981 720 1039 in
737 978 792 1040 hoc
808 1001 877 1042 oon-

98 1071 303 1156 descendentes
317 1081 399 1134 vocat
412 1089 460 1132 eos
473 1071 564 1148 impie
579 1072 657 1149 pios.
673 1070 742 1132 Haec
752 1070 876 1136 charitas

99 1177 142 1227 est
156 1176 253 1228 contra
270 1165 447 1228 charitatem.
462 1164 561 1226 Solent
577 1166 607 1224 in
621 1163 668 1224 his
683 1167 796 1226 casibus
808 1167 876 1228 1>oe-
893 1230 897 1235 ,

98 1264 224 1322 nitentes
258 1261 354 1321 oon'ari
389 1269 422 1320 ul
455 1259 627 1319 confessarii
658 1258 876 1338 apprehendant

97 1353 177 1437 qnod
201 1357 378 1417 occasionem
406 1351 582 1414 removendo
605 1372 743 1432 magnum
771 1357 876 1423 orietur

94 1447 277 1511 scandalum.
294 1449 387 1510 Fortis
400 1451 437 1510 sit
448 1447 646 1509 confessarius
656 1446 694 1509 ad
707 1447 874 1526 hujusmodi

99 1545 213 1605 timores
231 1542 447 1624 despiciendos:
463 1542 559 1620 maius
577 1562 689 1623 semper
709 1547 763 1605 erit
785 1565 874 1606 senn-

99 1635 222 1712 dalnm,
245 1635 343 1699 videre
359 1635 437 1716 qood
459 1636 606 1695 Poenitens
628 1653 682 1696 nec
707 1638 792 1697 etiam
811 1647 875 1717 post
948 1626 965 1733 j*

98 1731 304 1793 confessionem
329 1731 505 1791 occasionem
529 1726 634 1788 aulcrt.
661 1728 721 1788 Ant
742 1728 790 1789 alii
812 1733 876 1807 ejus¹
946 1738 952 1773 ¹

99 1834 245 1903 peceatum
260 1826 414 1902 ignorant,
435 1833 464 1883 et
480 1819 638 1883 tuncnihil
658 1820 727 1882 mali
745 1825 876 1903 suspice·
941 1806 947 1901 Ι

99 1917 239 1978 buntur:
267 1925 317 1976 aut
341 1919 455 1988 sciunt,
475 1924 504 1974 et
521 1923 590 1974 tunc
606 1914 751 1976 Premtens
764 1916 874 1979 famam
945 1962 953 2025 ι

98 2013 196 2089 potios
211 2010 406 2091 recuperabit,
428 2026 517 2089 quam
532 2008 667 2084 amittet,
693 2009 871 2070 removendo
951 2030 965 2093 χ

99 2105 285 2169 occasionem.
651 2181 653 2184 .
927 2121 930 2129 ¹
970 2118 977 2157 ·.

140 2197 190 2257 66.
212 2197 309 2258 Plures
326 2195 396 2256 DD.
411 2203 529 2257 censent
545 2195 659 2274 prima,
680 2201 732 2256 aui
748 2193 872 2258 secunde
948 2203 952 2209 '

101 2293 162 2352 vice
184 2291 258 2350 bene
280 2289 393 2352 absolvi
413 2309 516 2368 posse,
539 2291 588 2368 qni
610 2298 654 2350 est
675 2289 705 2349 in
718 2293 874 2357 ¹occasione
965 2302 977 2355 t

100 2374 249 2465 proxima,
264 2383 328 2447 licet
343 2381 525 2454 voluntaria,
546 2384 633 2444 etiarn
651 2389 806 2463 anteqlram
821 2394 883 2446 oe*
949 2360 966 2423 Ἰ

100 2480 176 2540 casio
196 2479 342 2540 auferatur
358 2500 367 2551 ς
389 2474 474 2537 modo
489 2474 606 2534 firmum
622 2472 727 2534 habeat
742 2482 874 2558 proposi,-

100 2587 184 2650 tum‚
210 2583 238 2634 et
253 2575 399 2655 promittat
413 2570 493 2633 illam
515 2570 611 2630 statim
635 2587 789 2632 removere.
814 2572 873 2635 Sed

100 2670 147 2732 hic
162 2677 271 2750 oportet
284 2665 456 2746 distinguere
470 2685 535 2726 cum
552 2662 873 2730 S.Caro10Borrom‚aeo

102 2768 153 2835 <in
175 2765 360 2824 instructione
377 2760 564 2822 confessario
578 2758 614 2817 ab
628 2776 662 2818 eo
677 2759 802 2834 tradita)
821 2783 873 2824 oc·
914 2808 923 2879 Ι,

101 2861 226 2921 essiones
249 2878 313 2937 quae
334 2870 406 2918 sunt
425 2856 566 2926 inesse,
587 2860 616 2910 et
634 2856 794 2912 occasiones
807 2873 871 2933 qun
910 2882 917 2927 ,ν

100 2972 161 3010 non
176 2952 379 3014 seminasse.
400 2946 520 3007 Occasio
533 2954 650 3020 quaeest
660 2942 691 3000 in
706 2962 788 3017 esre,
809 2956 872 3023 est,
904 2962 910 2999 .’

101 3042 222 3121 exempli
238 3062 279 3119 gr.
294 3080 304 3112 ‚
319 3058 385 3099 cum
399 3036 509 3114 aliquis
518 3030 706 3092 concubinam
724 3031 801 3094 (lomi
824 3034 873 3096 de·
895 3066 898 3073 ¹

102 3135 196 3208 tinet,
219 3131 266 3195 vel
280 3149 344 3194 com
361 3128 457 3209 aliqua
476 3121 586 3202 lamala
602 3126 752 3188 consentit
767 3131 907 3208 inmites
