1956 3614
853 39 974 175 Ἥ

155 218 212 295 ι94
370 229 475 277 naurs
497 232 703 283 courusstnrr.

152 337 289 388 monstret
305 348 313 399 ς
328 348 380 390 noc
399 350 529 409 unquam
555 331 619 392 aliis
640 332 810 394 manifestet
829 337 926 413 gratias

77 450 99 471 .-
150 422 376 503 supernaturales
385 424 603 511 suaeroenirenri
613 427 843 499 concessas;liet
853 432 926 489 enim

150 526 183 576 nt
207 516 248 575 illi
271 519 333 592 ejus
358 519 489 596 precibus
509 538 538 578 se
556 519 782 597 commendent,
807 540 928 603 eamque

149 612 276 671 maximo
301 611 482 692 superbiendi
503 613 627 692 periculo
648 626 818 696 exponent:
844 616 891 695 vel
906 620 927 675 si

148 703 293 784 posthanc
301 708 451 780 notitiam,
467 705 645 767 levissimum
657 707 930 771 intueanturdeiec-

148 804 211 857 tum
224 837 234 869 ,
249 796 373 857 multum
389 796 682 873 scandalizabuntur,
704 810 734 859 et
746 803 778 860 in
790 800 929 862 derisione

147 886 306 951 habebunt.
330 913 356 950 π.
379 890 445 951 Non
464 889 594 950 ostendat
612 891 680 952 huic
697 894 804 952 animae
820 892 927 953 talibus

148 983 295 1044 favoribus
308 981 470 1057 distinctor,
497 984 665 1063 particulare
682 985 801 1065 aliquod
816 989 927 1064 signum

146 1079 361 1152 estimationis,
376 1087 404 1137 et
420 1077 511 1138 multo
525 1081 621 1138 minus
634 1081 729 1140 mittat
744 1079 819 1148 alias
828 1080 927 1140 Poeni·

149 1180 240 1231 tentes
253 1170 290 1232 ad
308 1171 464 1253 petendum
480 1172 629 1234 consilium
646 1174 683 1232 ab
697 1193 750 1246 ea,
767 1172 813 1234 v'el
829 1173 867 1234 ad
879 1194 926 1235 ex·

147 1265 322 1346 poscendum
334 1267 467 1327 solatium
483 1276 534 1327 aut
547 1266 729 1329 directionem
744 1288 752 1339 ;
770 1270 867 1347 potins
881 1289 926 1328 os-

148 1359 248 1420 tendat
270 1362 389 1420 minoris
405 1379 469 1420 eam
490 1361 582 1421 facere
594 1402 604 1434 ,
618 1381 708 1441 quam
724 1360 798 1421 alias
816 1365 926 1422 animas

149 1469 214 1531 qua
226 1451 379 1512 ambulant
396 1470 446 1531 per
463 1455 542 1513 viam
558 1452 626 1512 fidei
640 1473 648 1523 ς
669 1455 808 1533 qnoniam
824 1457 926 1521 anima

147 1545 193 1604 lris
204 1544 352 1618 favoribus
365 1556 489 1621 omatae,
503 1547 667 1625 regulariter
678 1546 843 1627 loquendo,
857 1568 926 1608 sern-

148 1660 218 1723 per,
231 1651 259 1702 et
269 1640 393 1702 multum
409 1652 476 1704 sunt
490 1639 687 1703 hurniliandae.
701 1643 731 1702 3.
748 1641 782 1700 Si
799 1640 926 1702 advertat

147 1740 276 1798 animam
310 1757 424 1798 servare
451 1736 644 1796 humilitatem
674 1745 762 1815 atque
797 1738 926 1797 timorem

148 1833 179 1891 in
191 1832 253 1890 istis
266 1829 373 1892 divinis
393 1832 702 1892 communicationibus
715 1873 724 1905 ,
737 1839 851 1908 oportet
865 1849 925 1890 earn

149 1923 308 2000 adjuvare,
327 1927 385 1985 imo
400 1935 427 1985 et
441 1935 569 1986 securam
584 1925 700 2000 facere,
717 1926 833 2003 quoties
846 1942 928 2003 expe·

150 2017 210 2078 dire
222 2022 394 2100 cognoverit.
415 2021 515 2100 lnquit
532 2020 564 2079 S.
579 2019 718 2079 Theresia
735 2017 816 2097 qirod
829 2020 928 2079 anima

150 2134 300 2196 nunqnam
314 2116 476 2174 movebitur
488 2113 524 2173 ad
536 2133 639 2191 magna
651 2133 702 2193 pro
713 2111 927 2190 Deogerenda,

149 2212 204 2267 nisi
214 2210 361 2285 agnoverit
371 2226 474 2285 magna
489 2210 628 2286 accepisse
639 2228 655 2266 a
666 2205 739 2279 Deo.
755 2206 791 2264 Et
804 2204 925 2285 quidem

150 2298 250 2358 eadem
261 2299 383 2374 Sancta,
399 2297 517 2379 quando
531 2319 547 2359 a
561 2298 617 2359 SS.
638 2298 788 2358 Francisco
806 2297 929 2375 Bongia,

150 2404 178 2454 et
200 2394 284 2455 Petro
301 2394 337 2455 de
354 2395 504 2456 Alcantara
524 2394 580 2454 luit
598 2393 670 2454 lacta
687 2394 834 2465 securior,
853 2389 930 2452 dona

151 2511 215 2569 quae
241 2493 302 2569 ipsa
327 2499 494 2569 acceperat,
522 2506 583 2548 esse
601 2506 666 2547 vere
692 2485 815 2559 divina,
838 2505 875 2545 ex
898 2505 931 2546 eo

152 2595 277 2663 ternpore
299 2582 335 2642 ad
358 2584 557 2664 perlectionem
573 2602 631 2643 non
647 2580 773 2661 amplius
786 2583 933 2654 cucurrit,

152 2677 200 2738 sed
215 2679 350 2740 evolavit.
380 2679 482 2760 Neque
497 2666 532 2739 ex
546 2698 580 2739 eo
594 2674 672 2759 quod
688 2678 779 2737 cernit
801 2675 932 2735 Director

152 2777 279 2836 animam
298 2773 454 2834 identidem
471 2777 501 2832 in
512 2773 637 2852 aliquem
650 2769 931 2830 delectum'incidere

153 2873 286 2950 (quoties
301 2869 426 2929 delectus
438 2887 497 2926 non
512 2878 579 2926 sunt
592 2866 675 2946 plene
688 2863 838 2924 deliberati
851 2907 861 2938 ,
882 2873 932 2924 aut

152 2965 295 3022 commissi
308 2982 374 3023 cum
389 2959 562 3020 adharentia
574 2969 603 3020 et
616 2967 782 3038 contemptu
794 2964 828 3032 ),
844 2976 932 3036 repu-

153 3063 212 3112 tare
234 3053 318 3114 debet
340 3073 439 3114 omnes
463 3051 630 3130 hujusmodi
654 3052 932 3112 communicationes

151 3167 203 3229 pro
217 3147 373 3211 mendaciis
383 3160 412 3208 et
422 3147 613 3210 illusionibus.
627 3147 771 3207 Dominus
784 3144 856 3206 tales
865 3165 931 3222 gra-
