1956 3608
153 189 214 260 214
373 196 479 242 araxis
496 195 701 239 consessura.

199 294 266 356 155.
286 293 314 353 Ο
332 294 467 364 utinam,
493 287 657 362 concludo,
682 310 701 348 o
722 289 838 350 utinam
856 301 884 352 et
899 295 927 352 iu

156 387 265 450 mundo
285 386 378 466 plures
404 385 510 444 animae
538 380 706 459 hujusmodi
734 384 930 445 invenirentur

155 489 244 561 (quar
257 503 273 541 a
287 477 431 539 nonnullis
448 477 521 537 ultra
537 497 625 556 quam
645 479 785 536 convenit
801 477 931 555 rigiditati

155 574 295 646 addictis,
309 575 520 645 irreverentes,
544 580 572 630 et
593 571 748 630 temeraria
768 581 927 646 vocantur)

154 688 219 748 quae
233 665 300 727 odio
314 665 453 733 habentes
466 668 553 727 etiam
570 664 671 743 culpae
686 662 827 739 leviores,
845 686 930 746 expe·
953 748 956 753 Ι

155 773 247 824 terent
260 765 489 836 communicare,
503 780 562 821 non
577 758 667 820 modo.
677 758 869 838 frequenter,
886 760 929 822 sed

155 861 243 919 etiam
256 856 401 937 quotidie,
420 877 485 917 cum
498 875 567 915 vero
580 852 720 914 desiderio
733 873 765 914 se
776 856 930 917 emendan-

157 950 205 1024 di,
223 952 295 1010 etin
311 947 411 1008 divino
429 967 526 1009 amore
540 944 707 1025 proficiendi
723 968 731 1005 :
748 949 772 1006 si
791 951 869 1009 enim
882 947 930 1008 ltoc

157 1052 248 1115 esset,
266 1041 346 1117 longe
357 1040 422 1119 plus
432 1043 461 1100 in
476 1039 586 1099 mundo
597 1039 680 1100 lesus
692 1039 827 1101 Christus
841 1041 931 1120 dilige·

156 1145 243 1196 retur.
266 1135 342 1195 Beue
356 1136 530 1215 experientia
545 1132 725 1194 demonstrat
739 1137 874 1195 omnibus
890 1135 929 1195 ltir

155 1233 207 1310 qui
231 1228 442 1307 dirigendamm
463 1230 625 1288 animarum
650 1248 758 1287 munus
779 1239 930 1304 exercent,

158 1334 190 1383 ut
205 1334 233 1383 et
247 1343 298 1401 ego
320 1333 452 1401 expertus
467 1343 551 1396 sum,
573 1319 657 1383 valde
671 1321 790 1401 quidem
805 1323 928 1403 prolicere

159 1436 293 1496 personas
308 1415 391 1488 illas,
412 1434 476 1492 quae
491 1425 640 1475 rectorum
653 1413 795 1476 desiderio
810 1415 848 1476 ad
859 1438 930 1478 com·

159 1513 324 1569 munionem
349 1507 510 1584 accedunt,
532 1519 560 1568 et
586 1509 747 1569 Dominum
773 1513 879 1571 mirum
904 1515 928 1572 in

159 1602 277 1663 modum
292 1623 341 1663 eas
351 1601 389 1663 ad
402 1623 486 1663 suurn
501 1623 627 1664 amorem
639 1603 822 1682 pertrahere,
833 1626 930 1685 quarn·

159 1703 204 1760 vis
212 1719 286 1779 saepe
294 1699 348 1760 hoc
356 1701 397 1758 eis
407 1697 638 1759 non'manifestet
651 1719 700 1777 pro
711 1702 814 1774 majori
825 1720 934 1761 earum·

162 1793 227 1852 dem
252 1794 347 1861 bono;
371 1794 443 1870 quin
466 1800 494 1850 et
517 1790 660 1852 multoties
682 1810 730 1852 eas
751 1792 886 1872 relinquit
906 1795 930 1852 in

161 1889 306 1960 tenebris,
327 1896 357 1945 et
372 1885 565 1960 desolatione,
588 1896 617 1945 et
633 1888 693 1944 sine
707 1886 767 1946 ulla
786 1886 932 1948 devotione

160 1979 297 2052 sensibili.
322 1980 484 2040 Animabus
505 1983 566 2040 istis
592 1985 650 2049 (ut
675 1978 778 2041 docent
802 1982 835 2043 S.
855 1982 933 2043 The-

162 2079 252 2150 resia,
267 2086 295 2136 et
305 2076 486 2136 S.Heuricus
496 2075 657 2147 Sosonius)
674 2074 787 2136 nullum
797 2074 933 2138 efficacius

152 2180 203 2233 ,est
216 2168 392 2241 remedium,
411 2189 498 2247 quam
512 2169 646 2247 frequens
657 2173 832 2231 communio.
853 2169 934 2230 Unde

154 2271 193 2322 ut
219 2260 443 2335 concludamus,
468 2272 547 2322 curet
578 2263 779 2325 confessarius
803 2276 934 2326 commu·

161 2357 277 2416 nionem
292 2354 431 2431 suadere,
456 2359 567 2437 quoties
582 2379 683 2418 verum
698 2357 874 2419 desiderium
888 2358 935 2418 de·

163 2461 317 2525 monstret,
338 2461 366 2511 et
380 2455 491 2530 quotics
512 2451 635 2513 advertit
649 2454 777 2514 animam
794 2456 824 2512 in
840 2455 935 2533 spiritu

162 2544 297 2621 proficere
319 2545 458 2604 beneficio
484 2547 704 2605 communionis.
734 2544 826 2605 Curet
853 2547 934 2606 etiam

162 2637 328 2709 insinuare,
346 2644 379 2694 ut
397 2640 706 2714 postcommunionem
723 2641 894 2700 immoretur
907 2641 935 2699 in

163 2731 315 2807 gratiarum
336 2730 448 2789 actione
470 2750 521 2810 pro
544 2751 577 2790 eo
599 2742 724 2812 tempore
750 2754 811 2813 quo
838 2742 935 2814 potest.

163 2823 329 2886 Paucissimi
345 2833 413 2883 sunt
427 2823 586 2884 Directores
596 2827 647 2903 qui
658 2823 758 2887 sedulo
769 2825 799 2887 id
806 2827 934 2897 ‚faciuut;

164 2918 267 2978 scilicet
288 2917 430 2979 inculcare
444 2921 502 2977 suis
516 2917 749 2996 Poenitentibus,
771 2931 804 2982 ut
818 2942 868 3002 per
882 2920 937 2980 ali-

163 3011 242 3086 quod
256 3011 380 3072 notabile
399 3022 511 3093 tempus
528 3022 591 3093 post
606 3023 766 3093 susceptam
785 3015 936 3079 Eucharis-

166 3103 235 3161 tiam
250 3108 353 3181 gratias
369 3117 454 3184 agant
467 3129 475 3179 ;
489 3117 517 3167 et
531 3109 603 3167 ratio
617 3116 673 3184 est,
689 3110 757 3186 quia
773 3109 933 3189 paucissimi
