1956 3608
250 220 276 297 5.
289 242 310 282 ι.
329 234 452 283 uuum
463 234 742 283 uuuourussturos.
824 218 882 284 225

149 335 218 414 176.
239 335 294 395 tv.
317 334 490 395 (lautissime
505 353 535 393 se
550 341 628 411 gerat
642 335 673 392 in
689 333 885 410 interrogatio-

99 433 193 493 nibus
210 430 246 490 de
266 432 384 491 materia
407 431 506 508 turpi,
525 431 677 508 praesertim
698 448 764 491 cum
782 426 885 508 puellis
937 442 940 447 ·

98 527 280 605 puerisque,
307 542 344 584 ne
359 525 407 583 isti
422 520 573 582 addiscant
587 520 665 602 quod
679 525 822 600 ignorant.
848 521 885 581 lit

100 622 124 678 si
139 621 249 698 ipsein
269 616 437 697 hujusmodi
460 619 578 678 materia
595 618 766 677 tentationes
788 619 884 696 putia-

100 724 171 788 tur,
185 713 278 774 elevet
288 715 391 794 saepius
403 722 532 774 mentem
542 711 580 773 ad
594 713 708 788 Deum,
723 731 753 771 se
764 720 884 774 convet-

100 807 193 869 tendo
207 807 243 869 nd
258 809 384 890 aliquam
402 829 512 869 sacram
527 811 682 887 imaginem
705 828 713 878 ;
739 818 767 867 et
788 810 884 888 prius-

99 914 192 984 quam
206 906 326 983 incipiat
339 903 532 965 confessiones
544 902 661 979 audire,
679 911 797 964 renovet
812 922 885 963 sem-

100 1018 152 1079 per
168 996 370 1080 rectitudinem
382 1000 560 1060 intentionis.

79 1165 83 1172 ,
146 1109 215 1171 177.
233 1094 271 1152 V.
288 1092 406 1168 Patres,
421 1103 585 1175 matresque
595 1092 720 1155 familias
734 1097 886 1172 interroget

99 1209 161 1249 uon
179 1187 268 1287 modp
281 1191 310 1248 in
322 1209 423 1266 genere
436 1191 510 1250 circa
527 1190 653 1248 liliorum
668 1188 885 1265 educationem,

97 1281 152 1343 sed
177 1285 265 1342 etiarn
286 1285 317 1340 in
339 1279 522 1361 particulari,
548 1291 576 1341 et
597 1283 724 1342 maxime
753 1285 886 1363 exquirat
962 1353 967 1361 .

97 1387 202 1437 utrum
219 1373 292 1434 filios
305 1376 446 1453 corrigant
458 1376 531 1437 s'icut
544 1386 664 1456 oportet.
690 1377 722 1439 Si
737 1389 837 1440 curent
848 1389 886 1440 'ut

98 1472 195 1532 sciant
208 1466 367 1530 doctrinam
384 1456 569 1531 cliristianam
586 1492 594 1544 ς
611 1482 644 1532 ut
660 1475 753 1534 vitent
767 1493 885 1535 consur·

99 1564 175 1621 tium
191 1580 377 1641 personarum
392 1563 473 1640 pravi
488 1562 635 1641 exempli,
650 1573 679 1622 et
692 1569 848 1642 praesertim
858 1568 883 1628 si

100 1658 160 1715 sint
184 1655 308 1735 puellae3
330 1652 546 1731 diligentissime
568 1654 698 1716 cavendo
711 1676 749 1717 ne
763 1678 883 1718 conver—

100 1759 203 1809 sentur
227 1756 294 1810 cum
319 1748 497 1825 juvenibus,
522 1758 549 1807 et
576 1748 667 1808 multo
691 1752 788 1810 minus
816 1771 883 1812 cum
935 1734 941 1745 x

100 1847 231 1926 personis
251 1845 412 1924 suspectis,
432 1842 536 1904 scilicet
556 1847 702 1921 uxoratis,
724 1845 885 1924 religiosis,
928 1921 938 1937 x

100 1935 309 1999 ecclesiasticis.

145 2030 213 2107 178.
246 2029 298 2088 Vl.
330 2029 504 2090 Poenitentes
529 2028 684 2110 dequibus
699 2029 773 2107 justa
792 2043 883 2111 potest

100 2144 163 2185 esse
177 2125 300 2203 suspicio
309 2123 403 2204 quod,
412 2135 524 2205 propter
534 2125 881 2207 erubescentiam‚aliqua

101 2228 215 2301 peccata
235 2224 374 2281 tacuerint
399 2225 452 2289 (ut
466 2232 534 2282 sunt
549 2221 656 2299 rudes,
672 2221 830 2300 mulieres,
854 2234 883 2286 et

102 2315 222 2395 pueri),
237 2315 389 2389 interroget
406 2321 503 2372 utrum
524 2325 662 2376 anteactae
685 2320 752 2377 vitu
765 2337 883 2398 scrupu*

101 2407 163 2468 lum
179 2407 306 2488 aliquem
324 2405 471 2482 habeant,
495 2425 542 2466 eos
560 2406 717 2469 animando
731 2409 767 2469 ad
781 2406 882 2472 dicen-

101 2503 172 2564 dum
189 2506 296 2562 omnia.
317 2502 371 2562 Per
390 2501 444 2565 has
462 2503 694 2581 interrogationes
709 2503 801 2565 solent
814 2505 881 2567 libe-

101 2603 156 2660 rari
173 2599 266 2678 plures
283 2601 388 2659 animae
404 2620 420 2658 a
434 2599 597 2678 sacrilegiis.

119 2710 126 2721 '
145 2712 212 2773 179.
231 2694 301 2754 Vll.
322 2695 439 2753 Etiamsi
454 2713 574 2771 magnus
588 2705 661 2756 esset
675 2695 880 2759 Poenitentium

100 2806 277 2860 concursus,
300 2805 358 2846 nou
375 2805 404 2845 se
423 2785 557 2867 acceleret
573 2787 727 2867 plusquam
747 2799 880 2869 oportet,

100 2888 138 2944 ita
156 2890 208 2953 ut,
232 2901 280 2958 pro
300 2881 451 2942 audiendis
475 2883 601 2962 plurium
621 2884 880 2958 confessionibus,
919 2885 924 2898 ¹

100 2974 216 3034 deficiat
230 2970 276 3030 vel
291 2972 362 3032 'circa
380 2976 572 3049 integritatem
588 2972 806 3050 occursionis,
833 2976 879 3036 vel

100 3072 172 3131 circa
185 3067 310 3128 debitam
322 3064 551 3146 dispositionem,
564 3068 799 3130 automittatillis
810 3090 881 3152 prae·

100 3165 168 3226 bere
183 3165 291 3227 monita
309 3163 475 3224 necessaria.

694 3194 773 3309 Kb
