1956 3608
156 227 211 292 162
370 239 476 286 mixis
493 236 698 284 concussum.

151 333 206 393 illis
221 332 320 410 loqui,
342 334 452 411 quoties
465 333 610 391 existimat
628 328 681 391 hoc
698 330 751 410 ipsi
771 324 918 390 Poenltenll

151 423 282 506 expedire
296 428 352 494 (ι).
371 428 400 496 4.
419 423 528 502 Nequit
549 426 698 504 exquirere
716 442 825 484 nornen
846 443 923 485 com-

151 519 248 599 plicis,
261 525 300 576 et
312 518 335 575 si
350 518 496 593 negaverit
509 517 715 577 absolutionem
729 518 754 576 ei
767 519 819 597 qui
834 514 923 579 dicere

151 609 339 680 recusaverit,
354 610 472 668 incurrit
482 609 695 688 suspensionem
700 608 849 685 serendae
858 629 924 670 sen·

145 700 276 766 sentim
290 701 383 777 etqui
400 697 526 759 docuerit
543 699 596 759 hoc
612 699 673 758 lieri
690 717 788 778 posse,
807 701 924 760 incurrit

146 795 474 854 excommunicationem
490 792 701 873 papalem'ipso
712 795 802 868 sacto
816 797 873 866 (2).

195 888 261 949 118.
284 886 362 946 Casu
384 905 452 946 vero
476 907 534 966 quo
556 886 701 946 Poenitens
720 895 852 947 teneatur
874 888 927 947 sub

148 983 229 1058 gravi
245 980 427 1040 manifestare
439 1000 544 1040 nomen
560 979 725 1060 complicis,
738 979 777 1040 ad
791 999 926 1062 reparan-

148 1073 219 1132 dum
235 1082 303 1152 puta
320 1072 436 1152 aliquod
450 1072 593 1133 damnum
614 1093 789 1149 commune,
813 1093 865 1152 ego
883 1084 941 1162 te·¹

149 1169 201 1225 uui
218 1169 286 1240 (3),
308 1176 403 1230 contra
420 1164 541 1226 aliomm
557 1169 747 1245 opinionem,
769 1186 824 1229 nec
841 1171 925 1229 etiam

78 1258 81 1263 ’
128 1280 131 1291 “
149 1269 219 1321 tunc
233 1280 344 1340 possea
359 1259 540 1321 confessario
554 1259 670 1337 obligari
686 1261 877 1322 Poenitentem
890 1259 926 1322 ad

150 1352 392 1414 manifestandum
409 1356 462 1414 sibi
477 1374 582 1413 nomen
597 1354 767 1433 complicis,
794 1354 845 1415 sed
865 1366 927 1416 tan·

151 1454 212 1503 tum
229 1465 309 1523 posse
319 1455 347 1503 et
361 1444 463 1503 debere
476 1447 621 1526 imponere
633 1445 805 1520 Poenitenti,
820 1456 853 1507 ut
866 1468 928 1507 ma·

151 1537 264 1597 nifestet
274 1537 440 1618 complicem
456 1539 491 1596 iis
500 1539 549 1618 qui
565 1548 683 1619 possunt
694 1539 864 1601 scandalum
875 1543 928 1601 im·

151 1628 257 1709 pedire.
273 1630 362 1709 Quod
372 1635 394 1690 si
408 1633 552 1692 Poeniiens
565 1653 600 1694 ex
615 1653 645 1693 se
660 1632 745 1694 vellet
759 1634 927 1714 complicem

152 1726 332 1789 confessario
346 1728 548 1801 manifestare,
565 1739 632 1790 tunc
646 1730 720 1789 bene
736 1739 830 1811 potest
847 1728 928 1793 illum

152 1819 269 1896 audire,
291 1830 337 1894 et,
360 1820 605 1900 quemadmodum
630 1832 759 1903 oporiet,
786 1820 926 1887 damnum

152 1932 289 1992 reparare.
313 1915 433 1994 Insuper
450 1914 663 1977 advertendum
678 1927 739 1991 est,
754 1936 789 1977 ex
804 1916 859 1980 lroc
870 1939 926 1980 non

152 2006 292 2086 prohiberi
304 2007 491 2069 confessariis
503 2013 650 2090 exquirere
665 2031 681 2070 a
697 2010 856 2073 Punitente
871 2015 927 2073 cir-

151 2103 337 2160 cumstantias
359 2120 431 2180 quas
451 2105 521 2160 scire
544 2110 670 2180 oportet,
687 2111 719 2160 ut
737 2101 877 2181 intelligat
890 2123 927 2164 an
951 2134 959 2145 ·

152 2191 225 2252 adsii
240 2195 345 2270 species
361 2197 466 2272 peccati
478 2193 587 2252 diversa
599 2236 608 2267 ,
621 2193 668 2252 vel
682 2203 715 2252 ut
731 2195 861 2256 consulat
882 2189 928 2257 sa-

69 2310 75 2347 1
153 2288 204 2346 luti
221 2287 386 2346 Poenitcntis
399 2311 405 2346 :
417 2288 485 2349 hinc
497 2290 570 2349 bene
582 2299 673 2370 potest
686 2292 876 2369 interrogare,
890 2313 926 2352 an

83 2422 87 2451 f
151 2379 279 2460 complex
295 2383 332 2439 sit
347 2386 515 2459 conjunctus
531 2383 544 2442 i
564 2404 601 2442 an
617 2383 719 2461 ligatus
734 2393 801 2444 voto
815 2389 928 2447 castita·

80 2500 95 2559 χ
151 2481 187 2544 tis
205 2477 218 2535 i
239 2496 276 2536 an
292 2476 433 2538 cohabitet
456 2481 486 2536 in
509 2498 559 2538 sua
581 2477 681 2538 eudem
703 2477 790 2539 domo
803 2477 873 2541 ian
892 2480 927 2541 sit

91 2616 95 2639 ,
150 2569 250 2629 ancilla
266 2568 278 2626 Ρ
292 2579 319 2628 et
333 2569 377 2628 his
393 2555 518 2646 similia,
536 2572 648 2631 etiamsi
662 2591 711 2651 per
724 2575 792 2632 istas
807 2576 928 2635 interro·

151 2665 276 2738 gationes
306 2661 443 2724 indirecte
468 2664 643 2726 manifestari
674 2665 777 2727 debeat
806 2689 932 2749 persona.

88 2760 94 2817 ἒ
150 2756 296 2861 compycis
322 2779 330 2815 ε
361 2778 512 2840 nunquam
542 2770 637 2823 tamen
665 2764 832 2842 exquiratur
852 2764 927 2825 illius

151 2873 257 2915 nomen
277 2855 336 2928 (4).

105 3004 107 3009 ·
186 3047 397 3102 (rlNrrm.t352.
565 3010 807 3112 (all.6,rr.r91.
890 3076 895 3083 ·

84 3146 85 3150 ¹
184 3140 222 3202 (3)
240 3137 304 3190 ibid.
323 3155 350 3191 n.
371 3156 428 3207 ψ.
526 3126 852 3206 'caitbtoemnrse
