1956 3608
107 191 163 253 116
286 152 300 187 ⁸
325 199 431 247 mxu
450 195 656 245 consessurus.

103 296 397 358 excommunicatione
403 295 440 353 ob
451 294 659 373 percussionem
667 289 761 360 levem
773 288 872 351 Clerici

102 388 149 450 vel
164 387 321 458 Monadi,
340 388 369 446 et
381 390 466 448 etiam
481 388 517 447 ob
528 404 663 464 gravem,
680 387 703 444 si
718 386 875 464 percutiens

102 491 144 539 est
159 479 279 555 mulier,
293 497 329 538 cx
342 499 410 556 cop.
432 479 482 539 Eo
493 480 650 551 noscitur,
664 486 693 536 et
707 497 776 555 cap.
796 473 875 534 Mu-

102 573 207 646 lieres,
223 573 260 632 de
274 585 348 632 sent.
365 591 523 632 excomm.
540 570 614 629 Item
628 569 665 628 ab
678 571 876 629 excommuni-

101 668 210 725 catione
232 673 344 744 propter
362 665 493 723 abortum
512 663 587 723 letus
604 663 748 736 animati,
772 663 875 723 virtute

101 756 186 819 bullae
214 758 341 836 Gregorii
371 757 473 832 XIII,
509 775 573 835 quae
605 745 704 834 Incipit
729 756 875 816 Romanu

100 852 217 925 Sedes‚·
234 855 302 912 item
317 853 354 912 ab
372 851 665 912 excommunicatione
687 850 723 908 ob
745 868 875 928 commu·

100 946 271 1005 nicationem
293 948 322 1003 ln
338 943 436 1003 eodem
457 946 576 1003 crimiue
595 963 658 1003 cum
678 945 876 1002 excommnni·

99 1042 170 1098 catis
183 1040 220 1097 ab
233 1037 338 1095 eisdem
356 1039 500 1115 Episcopis
521 1058 528 1106 ;
555 1039 623 1097 item
647 1037 685 1094 ab
709 1056 876 1097 excommu-

100 1130 241 1189 nicatione
266 1148 353 1208 quam
377 1130 525 1187 incurrunt
548 1126 647 1186 fraires
670 1130 795 1186 minores
821 1129 875 1190 acl-

99 1225 245 1283 mittentcs
259 1225 290 1281 in
304 1225 362 1281 suis
376 1221 498 1282 ecclesiis
515 1220 553 1282 ad
568 1220 667 1281 divina
688 1218 781 1283 officia
804 1224 875 1284 Fra·

100 1325 158 1376 tres
172 1319 262 1377 Tertii
286 1317 404 1376 Onlinis
419 1338 427 1386 ς
443 1320 510 1377 item
529 1319 566 1377 ab
581 1319 875 1379 excommunicatione

98 1430 155 1490 qua
171 1409 293 1487 lIgantur
305 1412 324 1468 ii
340 1414 389 1488 qui
404 1410 527 1471 absoluti
543 1414 572 1470 in
588 1412 705 1470 articulo
719 1415 819 1472 mortis
839 1414 875 1473 ab

98 1503 194 1582 aliqua
216 1521 334 1563 censura
359 1504 396 1562 ab
419 1504 557 1584 Episcopo
576 1514 741 1581 reservata,
766 1523 874 1573 nense

98 1603 271 1674 praesentant
293 1593 387 1656 eidem
412 1605 563 1675 postquam
593 1597 791 1658 convaluerint
813 1620 821 1670 ;
846 1607 875 1658 et

97 1686 215 1750 demum
236 1690 275 1751 eb
292 1691 426 1750 omnibus
440 1692 566 1752 censuris
580 1711 651 1769 quas
670 1692 802 1772 Episcopi
820 1694 873 1752 sibi

99 1794 244 1845 reservant
260 1786 275 1852 t
291 1792 316 1858 ).

137 1877 187 1939 81.
208 1877 364 1955 Regulares
378 1887 476 1938 autem
490 1880 578 1940 etiarn
593 1876 739 1942 absolvere
754 1887 873 1959 possunt

98 1968 208 2030 laicosa
224 1968 379 2051 Papalibus
393 1974 509 2034 occultis
531 1978 597 2047 (2),
618 1975 741 2054 exceptis
756 1992 805 2032 sex
820 1995 872 2033 ca·

97 2063 176 2122 sibus
190 2062 347 2125 Clementis
361 2067 435 2127 VIII
452 2072 488 2133 te
500 2068 605 2144 quibus
617 2077 714 2126 tamen
726 2067 799 2125 bene
809 2085 873 2145 pos·

97 2165 165 2216 sunt
179 2157 326 2218 absolvere
346 2159 494 2236 Episcopi,
515 2154 632 2236 quaudo
644 2168 712 2215 sunt
726 2159 871 2235 occulti),

96 2247 200 2309 scilicet
219 2273 243 2308 r.
259 2252 445 2328 percussionis
458 2248 572 2309 Clerici.
587 2273 616 2310 2.
632 2248 739 2310 Duelli.
755 2251 785 2311 3.
799 2253 873 2312 Vio-

97 2343 210 2402 lationis
230 2345 421 2404 immunitatis
443 2342 646 2407 ecclesiastice.
671 2346 701 2416 4.
726 2343 870 2407 Fracturae

95 2436 232 2497 clausurae
246 2437 426 2498 monialium.
447 2437 477 2499 5.
498 2437 636 2498 SImoniae
652 2435 743 2496 realis.
771 2439 800 2499 6.
821 2437 869 2500 st-

96 2535 199 2592 moniae
212 2530 431 2592 confidentialis.
445 2530 578 2592 Facultas
588 2532 665 2589 enim
677 2530 773 2609 quoad
786 2551 868 2593 casus

95 2623 226 2702 prelatos
252 2633 379 2702 respectu
404 2622 442 2689 ad
470 2622 610 2700 regulares
635 2620 768 2700 degentes
789 2636 867 2687 cutm

95 2717 238 2791 Romam,
252 2726 281 2775 et
299 2719 372 2776 intra
388 2716 526 2793 Italiam,
545 2738 565 2778 a
583 2716 714 2796 praedicto
728 2719 874 2791 Pontilice¹

95 2817 136 2870 est
151 2810 193 2868 eis
205 2826 335 2889 expresse
352 2807 447 2868 ablata
465 2808 521 2884 (3).
545 2809 689 2885 Quamvis
703 2818 800 2870 autem
814 2829 866 2870 ne·
882 2870 885 2879 ,

128 2993 167 3052 (r)
186 2992 267 3044 Num.
280 2991 337 3044 213.

128 3089 165 3148 (ι)
184 3085 283 3148 111116.
303 3092 432 3154 11111196.
500 3101 501 3104 ’
596 3085 786 3154 (3)Ν11111.99.
