1956 3614
197 225 221 301 §.
239 243 283 285 rv.
303 240 391 285 cinca
405 241 520 285 rumora
535 239 695 284 orricium.
797 225 836 304 59

65 328 176 391 malitia
191 334 300 392 interna
315 331 527 404 informantur,
549 339 577 394 et
593 328 656 390 ideo
670 328 839 409 explicanda

68 437 101 485 ut
116 436 227 506 peccata
243 436 379 499 externa,
397 428 458 484 sive
472 445 555 504 opera
572 426 705 505 inempta.

108 521 203 589 toll.
213 521 294 581 Circa
307 522 392 580 verba
405 521 534 580 obscoena
547 561 556 592 ,
568 521 795 597 interrogentur,
813 542 841 580 r.

64 632 159 673 corum
169 613 293 692 quibua,
310 621 338 671 et
352 612 463 690 quoties
475 611 513 669 ita
526 609 611 670 locuti
624 620 714 686 sont,
730 598 841 671 radone

63 702 217 765 scandali?
236 704 284 763 An
305 722 400 763 coram
416 703 504 776 viris,
529 710 581 760 aut
597 700 710 761 feminis
725 700 739 760 i
752 702 839 762 Uxo-

64 801 155 871 ratio,
182 807 233 858 aut
248 817 307 857 nun
322 795 336 856 ἐ’
360 798 479 875 pueris,
496 794 543 855 vel
558 794 691 855 adultis?
715 795 840 857 Facilius

63 884 841 966 enirnscandalizanturpuellaeetpueri,qnamadalti,

63 983 220 1062 praesertim
235 981 284 1059 qni
300 981 329 1039 in
341 977 395 1040 boc
405 981 476 1039 vitio
485 988 552 1038 aunt
562 977 751 1038 habitantia.
763 979 841 1057 Qum

62 1073 188 1135 dixerint
202 1072 311 1134 verba?
325 1092 382 1146 an,
396 1094 427 1133 v.
439 1092 500 1150 gn,
511 1073 690 1141 nominarint
700 1069 837 1151 pudenda

61 1182 148 1228 renue
165 1188 182 1229 a
202 1188 256 1228 suo
269 1164 373 1229 diversi
390 1165 403 1227 i
419 1166 474 1228 buc
489 1168 568 1229 enim
584 1163 738 1228 difficulter
751 1186 839 1227 encu-

61 1272 142 1323 aatnr
167 1283 183 1322 a
208 1262 331 1323 mortali.
353 1262 382 1323 ὃ.
403 1261 481 1321 Num
503 1261 590 1321 verba
615 1259 785 1341 protulerint
801 1280 839 1325 ex
958 1334 962 1347 ,

62 1360 127 1431 ira,
148 1354 195 1417 vel
209 1359 271 1433 joco
285 1355 298 1416 i
311 1375 380 1415 narn
394 1362 430 1417 ex'
444 1357 485 1415 ira
497 1351 642 1416 difficilius
655 1353 745 1415 aderit
755 1376 837 1416 conr·
931 1350 959 1439 :s

61 1450 201 1529 placentia
219 1458 247 1509 et
261 1447 439 1511 scandalum.
462 1448 573 1511 Caveat
587 1449 785 1509 Confessarius
799 1451 837 1509 ab

59 1541 243 1603 absolvendis
255 1540 424 1620 huiuamodi
436 1540 567 1603 recidivis
578 1544 607 1601 in
619 1542 767 1621 colloquiis
777 1553 837 1603 tur-

61 1637 165 1718 pibus,
179 1626 314 1716 quamvis
328 1634 423 1696 dicant
435 1654 467 1695 ea
484 1633 632 1713 protulisse
641 1655 676 1695 ex
687 1635 767 1711 joco,
779 1639 836 1715 nisi

61 1734 140 1812 prius
155 1728 367 1805 emendentur,
391 1727 436 1789 vel
452 1730 564 1806 signnm
579 1728 835 1793 extraordinarium

61 1823 167 1884 doloris
182 1823 311 1885 afferant.
324 1825 353 1896 4.
369 1823 448 1883 Num
467 1825 634 1901 jactaverint
648 1843 678 1883 se
689 1822 724 1883 de
736 1823 836 1905 aliquo

62 1929 176 1999 peccato
194 1918 201 1973 i
218 1929 286 1978 tnnc
299 1919 376 1977 enirn
395 1919 447 1977 tria
462 1926 573 1995 peecata
590 1917 754 1997 frequenter
768 1939 838 1980 con-

59 2006 835 2086 currunt,scilicetmagnuinscandalumaudientium,

61 2105 197 2180 jactantia
215 2102 250 2162 de
266 2102 341 2163 rnalo
355 2104 525 2177 commisso,
541 2111 567 2161 et
582 2101 786 2181 complacentia
799 2103 836 2163 du

61 2204 177 2279 peccato
191 2204 326 2255 narratu:
343 2193 463 2274 ideoque
479 2193 670 2272 interrogandi
687 2204 779 2270 sunt,
800 2194 837 2257 de
921 2222 927 2239 ¹

62 2310 122 2370 quo
137 2299 249 2368 peccato
268 2292 297 2348 in
317 2291 409 2369 specie
425 2310 456 2349 se
474 2292 607 2366 jactarint
631 2293 688 2358 (r).
712 2290 837 2350 Interro·
920 2256 926 2323 l

61 2392 167 2461 gentur
192 2385 299 2456 etiam,
325 2402 363 2442 an
388 2382 517 2444 delectati
544 2385 601 2442 sint
634 2381 732 2443 audire
765 2384 836 2443 alioo
922 2332 941 2427 d

61 2476 214 2536 inhoneste
229 2475 377 2556 loquentes
393 2475 405 2534 i
424 2487 453 2537 et
470 2497 507 2536 an
528 2486 594 2536 tnnc
609 2475 783 2536 adverterint
797 2476 835 2537 ad
952 2532 959 2555 ¹,

59 2570 243 2631 correctionis
267 2581 463 2653 praeceptum,
494 2581 626 2652 putantes
650 2591 714 2633 earn
735 2573 836 2654 profu·
926 2562 952 2655 μ’

63 2664 187 2725 turam?
914 2658 927 2743 ,¹⁵

105 2758 154 2829 dr.
175 2756 230 2818 111.
246 2757 327 2818 Circa
341 2777 444 2838 opera,
459 2759 682 2836 interrogentur,
698 2780 762 2821 curn
774 2779 833 2840 qua
903 2754 915 2867 s

62 2868 124 2908 reru
141 2846 294 2913 habuerint
312 2851 335 2927 Β,
351 2852 429 2912 Num
445 2852 514 2912 alias
528 2873 593 2914 curn
615 2853 715 2913 eadem
735 2872 835 2932 pecca·
901 2870 906 2919 r

63 2942 151 3004 rint?
170 2944 226 3005 Ubi
243 2957 387 3027 peccatum
402 2947 486 3007 luerit
500 2955 643 3028 patratum
668 2945 731 3022 (ad
751 2966 836 3008 occa·
901 2922 953 3055 l]

100 3142 140 3205 tr)
158 3141 296 3196 Numae.
934 3090 947 3173 ‘l

649 3228 716 3290 cu
796 3228 799 3233 ’
902 3229 905 3235 ’
