1956 3608
788 40 916 159 n

102 216 158 281 185
319 214 424 283 runis
444 225 649 270 consessurus.

97 328 172 408 rapit
181 323 260 384 illam
273 333 351 385 motu
365 319 491 400 quodam
504 321 673 394 subitaneo,
689 327 717 380 et
730 313 869 392 violento,

97 423 182 481 itaut
193 414 347 498 aliquando
355 415 481 476 elevetur
490 417 576 475 etiam
585 434 687 494 corpus
698 423 728 475 et
741 411 870 474 reddatur

97 510 202 576 levead
210 509 422 591 iustarplumae.
430 510 565 583 Elevatio
573 509 695 593 spiritus
706 519 749 569 est
758 506 870 589 quaudo

96 609 192 669 anima
203 607 289 665 sentit
300 625 330 665 se
345 609 404 685 rapi
419 607 503 684 quasi
514 614 593 665 extra
605 622 655 677 se,
673 600 775 664 extolli
791 622 870 682 supra

64 749 67 756 .
97 699 219 776 seipsam
243 717 309 758 cum
333 715 436 772 magua
459 693 586 774 quadam
608 693 771 768 violentia,
801 691 872 753 unde

97 791 194 847 anima
205 789 242 847 ab
258 789 338 847 initio
353 806 488 864 magnum
507 786 651 865 experitur
667 787 813 845 timorem.
840 783 872 843 lu

96 879 255 941 elevatione
273 882 389 960 spiritus
403 881 564 940 continetur
578 888 636 938 tam
654 879 783 950 extasis,
807 879 872 956 quia

98 976 252 1037 intervenit
265 977 382 1034 amissio
391 993 548 1050 sensuum,
563 993 650 1052 qnam
661 982 761 1052 raptus
773 1014 783 1048 ,
797 969 872 1031 idest

98 1077 192 1129 motus
207 1065 358 1127 violentus.
388 1067 495 1126 Retulit
507 1067 588 1137 ¹mihi,
605 1086 723 1146 persona
740 1065 872 1146 quaedam

97 1160 238 1221 similibus
254 1164 350 1238 gratiis
365 1183 381 1221 a
396 1161 459 1220 Deo
480 1159 606 1233 donata,
623 1160 702 1240 quod
720 1163 750 1219 iu
767 1159 870 1220 talibus

97 1254 302 1315 elevationibus
318 1257 433 1334 spiritus
448 1252 598 1313 videbatur
613 1253 667 1312 sibi
684 1263 826 1333 tanquam
849 1253 872 1312 si

98 1350 193 1408 anima
212 1366 229 1406 e
246 1368 360 1426 corpore
374 1347 473 1408 luisset
486 1346 608 1420 avulsa,
632 1356 659 1405 et
676 1346 789 1406 elevata
810 1365 872 1406 curn

100 1449 176 1498 tanta
196 1437 368 1512 velocitate,
390 1460 423 1500 ac
437 1442 460 1497 si
478 1438 628 1505 conficeret
641 1439 736 1499 decies
756 1448 872 1503 centena

98 1530 185 1590 millia
200 1529 330 1592 milliaria
345 1534 375 1591 in
387 1534 492 1611 quovis
506 1534 639 1608 temporis
656 1541 803 1592 momento
817 1548 872 1592 non

97 1626 271 1700 siuemagno
284 1633 408 1698 terrore,
423 1627 561 1704 quoniam
577 1625 724 1700 ignorabat
732 1644 792 1703 quo
802 1632 873 1684 esset

97 1735 271 1786 ascensura;
300 1716 349 1776 sed
371 1737 436 1778 cum
465 1727 559 1797 postea
584 1714 782 1791 subsedisset,
808 1728 875 1778 tune

98 1809 292 1868 illustrabatur
310 1808 347 1868 ad
367 1808 593 1885 cognoscendum
608 1808 724 1888 aliquod
739 1808 873 1870 divinum

98 1919 245 1959 areanum.
256 1896 463 1959 Sedhicoritur
473 1901 611 1974 dubium,
630 1903 654 1958 si
668 1899 761 1961 inbac
770 1905 874 1961 unione

98 1989 311 2071 suspenduntur
322 1996 453 2072 potentie
465 2037 474 2068 ,
495 2003 522 2053 et
537 1993 696 2053 intellectus
707 1994 874 2054 obscuratus

98 2106 114 2146 a
132 2085 203 2146 lucis
216 2087 338 2166 abysso,
361 2090 461 2164 nequit
478 2085 623 2145 attendere
639 2087 723 2146 rebus
738 2107 813 2166 quas
826 2091 873 2145 in-

99 2179 219 2252 telligit3
241 2198 297 2256 qua
316 2197 445 2256 unquam
470 2181 578 2249 ratione
602 2188 694 2256 potest
718 2180 758 2250 ibi
778 2183 872 2239 anima

99 2271 267 2346 intelligere,
282 2279 311 2328 et
326 2272 411 2331 verba
425 2270 516 2331 facere
531 2271 566 2329 de
577 2270 733 2332 illodiviuu
747 2272 872 2334 arcano?

99 2362 283 2442 Respondent
298 2367 409 2444 mystici
423 2408 433 2439 ,
449 2364 525 2445 quod
538 2365 653 2445 quando
670 2366 753 2425 Deus
767 2367 829 2427 vult
843 2376 873 2426 ut

98 2460 195 2517 anima
210 2456 347 2535 intelligat
361 2457 477 2538 aliquod
488 2469 625 2518 secretum
639 2502 648 2532 ,
663 2461 874 2520 autimmittere

97 2551 138 2609 illi
152 2552 277 2629 aliquam
295 2554 434 2611 visionem
450 2551 689 2626 intellectualem,
707 2552 752 2612 vel
773 2556 874 2632 imagi·

97 2647 230 2716 nariam,
251 2645 356 2703 minuit
377 2643 510 2704 nonnihil
534 2645 648 2720 lucem,
672 2650 710 2707 ita
730 2657 763 2707 ut
777 2652 871 2708 anima

99 2745 243 2796 remaneat
264 2734 369 2796 habilis
383 2736 422 2825 ad
434 2739 678 2816 cognoscendum,
704 2752 732 2801 et
753 2762 872 2822 perpen-

96 2828 222 2890 dendum
237 2827 429 2910 quodcunque
445 2832 523 2891 Deus
538 2833 670 2892 voluerit.

141 2927 206 2987 135.
214 2924 363 2997 Tandem,
374 2925 519 3004 perfectior
527 2929 607 2999 unio,
616 2946 680 3005 quae
688 2926 870 2991 diciturcon·

95 3034 248 3080 summoto
261 3062 270 3093 ,
282 3029 310 3079 et
322 3018 414 3096 major
423 3041 510 3098 quam
522 3025 550 3079 in
560 3019 613 3081 bac
625 3023 683 3080 vita
693 3026 782 3100 possit
791 3023 869 3082 Deus

98 3110 249 3173 concedere
267 3119 371 3176 anirnae
392 3118 525 3188 viatrici,
549 3123 592 3174 est
612 3113 659 3176 illa
683 3134 748 3193 quae
769 3115 868 3178 dicitur
