1956 3608
201 262 226 342 ς.
238 279 271 324 u.
286 276 325 323 ue
339 280 493 325 ouamonr
506 282 703 343 conseram,
716 275 769 328 etc.
815 271 865 333 181

97 368 409 432 extemosdiffunditur
422 394 429 430 ι
444 372 496 432 hoc
504 391 570 432 vero
581 392 639 433 non
651 392 774 452 semper.
786 372 872 433 Unde

99 460 243 523 multoties
265 463 367 524 accidit
386 462 464 543 quod
486 468 580 524 anima
597 466 700 527 habeat
713 469 874 527 orationem

99 555 226 637 quietis,
244 554 295 617 scd
314 558 377 615 sine
395 553 451 615 ulla
467 553 618 615 dulcedine
631 557 768 618 sensibili.
792 558 872 619 Dicit
967 630 974 641 ,-

99 645 132 704 S.
147 647 282 708 Theresia
303 652 351 719 (ι)
372 646 450 728 qnod
469 649 499 705 in
518 647 573 708 hac
591 651 716 708 oratione
729 670 788 710 nrm
807 670 872 711 sus·
918 670 937 699 -·

100 739 267 817 penduntor
280 760 380 802 omnes
393 745 525 820 potentie
539 762 546 797 ε
561 739 743 821 suspenditur
753 744 872 821 quidem

99 831 252 906 voluntas,
265 843 294 891 et
309 844 435 892 remanet
451 843 589 911 tanquam
607 834 710 911 ligata,
725 839 793 912 quia
805 844 873 897 tuuc

99 924 303 986 nullumaliud
313 928 456 1002 objectum
466 935 566 1006 preter
575 926 670 987 Deum
680 925 757 987 valet
766 946 873 1003 amare,

98 1021 150 1099 qui
165 1038 229 1079 eam
242 1020 297 1078 sibi
307 1019 409 1102 trahit·;
424 1021 473 1078 sed
485 1019 661 1093 intellectus,
675 1030 703 1079 et
716 1024 875 1097 memoria,

99 1123 150 1173 aut
172 1111 320 1193 phantasia
341 1114 515 1192 quandoque
540 1123 688 1174 remanent
709 1113 825 1188 liberae,
842 1125 873 1177 et

98 1201 156 1264 huc
170 1203 293 1283 illucque
304 1213 466 1263 excurrunt.
487 1201 571 1262 Unde
583 1201 652 1263 dicit
664 1204 769 1264 Sancta
783 1245 793 1276 ,
807 1209 873 1264 ani·

98 1317 177 1356 maru
189 1295 225 1355 de
236 1294 288 1356 hoc
299 1315 357 1355 non
369 1295 471 1355 debere
483 1298 599 1355 tristari
607 1297 720 1357 Rideat
735 1300 872 1376 (inquit)

98 1393 139 1450 de
161 1394 219 1449 suta
238 1389 454 1468 cogitatione,
468 1391 614 1468 illumque
639 1389 759 1451 deserat
781 1392 872 1451 veluti

98 1487 242 1554 stultum,
262 1496 291 1542 et
303 1497 428 1543 moueat
441 1485 472 1544 in
488 1505 545 1543 suo
558 1484 654 1560 quiete
665 1509 675 1553 ‚·
695 1497 724 1544 et
737 1505 872 1547 cumvo-

98 1576 200 1635 luntas
217 1575 256 1634 sit
274 1575 424 1648 dominu,
452 1574 520 1650 ipso
538 1579 753 1653 cogitationem
774 1577 818 1637 ud
837 1599 870 1639 se

99 1668 239 1742 reducet,
250 1667 365 1744 ubsque
375 1667 438 1726 ullo
448 1678 544 1727 vestro
560 1669 664 1726 labore
680 1671 737 1737 (a).
748 1666 872 1743 Quodsi

100 1763 197 1821 anima
218 1759 287 1818 velit
306 1779 336 1819 se
357 1759 497 1838 applicare
511 1756 547 1818 ad
562 1757 749 1835 colligendam
765 1760 873 1837 cogita-

102 1856 230 1936 tionem,
252 1852 323 1912 nihil
344 1855 462 1911 omnino
484 1863 568 1930 aget,
590 1862 618 1912 et
641 1873 722 1912 suam
746 1857 871 1933 quietem

100 1949 222 2007 amittet.
243 1947 278 2005 ln
299 1946 353 2006 hoc
368 1955 442 2012 statu
458 1945 549 2005 multo
563 1949 658 2005 minus
671 1967 758 2024 quarn
775 1951 805 2007 in
824 1967 872 2008 re-

100 2040 264 2102 collectione
279 2043 375 2098 anima
388 2037 471 2098 debet
485 2059 515 2098 se
529 2040 670 2129 applicare
681 2038 718 2098 ad
729 2041 872 2101 taciendas

101 2135 366 2207 determinationes,
383 2145 434 2193 aut
446 2133 515 2193 alios
525 2144 604 2193 actus
614 2151 651 2192 ex
661 2152 690 2192 se
702 2135 761 2212 ipsa
772 2153 873 2193 emen-

101 2229 230 2299 dicatos,
244 2250 292 2289 eos
301 2228 500 2289 tantummodo
508 2230 608 2304 iaciat,
620 2228 657 2289 ad
668 2249 739 2309 quos
747 2249 778 2290 se
787 2234 873 2293 sentit

101 2345 118 2386 a
135 2325 198 2383 Deo
211 2326 336 2382 suaviter
353 2323 472 2401 impelli.

74 2477 78 2484 ,
147 2418 213 2477 135.
234 2416 371 2475 Dicamus
392 2433 470 2474 nunc
490 2414 584 2494 aliqua
603 2415 779 2475 decretione
797 2435 874 2495 purae

101 2509 368 2588 contemplationis,
382 2509 486 2570 scilicet
497 2508 533 2568 de
542 2511 778 2590 contemplatione
787 2530 874 2589 nega-

102 2608 163 2665 tiva
178 2606 306 2683 superios
319 2606 465 2663 enuntiata
479 2644 488 2678 ,
506 2624 569 2683 quae
580 2613 623 2664 est
636 2603 717 2682 longe
727 2605 873 2684 perfectior

103 2719 191 2778 quarn
207 2695 391 2759 affirmativa.
420 2697 489 2758 Haee
508 2699 709 2779 contemplatio
730 2687 873 2775 negativa

104 2790 206 2852 dicitur
215 2795 301 2852 clara
312 2792 411 2871 caligo
423 2833 433 2866 ,
445 2794 510 2869 quia
523 2793 559 2851 ob
569 2792 690 2851 nimiam
700 2793 769 2851 lucis
778 2793 874 2849 abun-

103 2883 233 2944 dantiam
251 2884 409 2944 intellectus
424 2886 588 2944 obscuratur
603 2905 612 2941 ε
628 2879 872 2960 quemadmodum

104 2980 155 3056 qui
174 2979 298 3035 intuetur
311 2977 398 3036 solem
413 3018 423 3049 ,
444 2974 586 3035 radiorum
599 2974 706 3050 fulgore
716 2975 872 3036 obcaecatos

103 3067 177 3128 nihil
201 3071 312 3141 cernit,
339 3065 389 3124 sed
413 3075 525 3126 tautum
549 3063 680 3142 intelligit
704 3064 791 3125 sulem
811 3086 873 3128 esse

138 3195 176 3254 (t)
191 3189 223 3241 lo
239 3190 307 3252 rita,
325 3205 349 3243 c.
363 3198 404 3256 aq.
462 3194 501 3258 (a)
520 3186 628 3247 flamm·
639 3184 899 3258 tllvetifflifflt·
