1956 3608
230 206 292 279 §.n
310 221 349 261 nn
360 218 510 263 oracione
523 217 755 259 arnoirarronrs.
821 223 868 279 ¹7¹

97 309 232 372 cedinem
245 312 289 371 cui
302 306 384 370 facile
399 309 495 368 anima
512 306 637 367 adhaeret
651 349 660 381 ‚
678 325 735 367 non
746 308 808 365 sine
822 307 875 365 im-

100 407 222 485 puritate
240 401 380 484 quadam,
398 412 426 461 et
440 401 523 481 culpa
543 420 690 462 examore
711 403 756 460 sui
774 401 874 481 ipsius.

100 496 317 558 consolationes
330 494 477 554 sensibiles
489 497 502 560 (
513 496 582 571 quin
594 502 621 553 et
632 495 813 554 attractiones
823 511 876 551 su-

99 590 317 671 pematurales)
339 597 408 648 sunt
421 585 538 665 quidem
555 586 609 644 Dei
627 585 724 662 dona,
751 585 875 648 sednon

100 694 168 745 sunt
181 686 242 764 ipse
255 684 355 751 Deus;
371 680 449 741 unde
460 683 521 760 ipse
532 722 541 753 ,
553 689 586 739 ut
602 682 714 741 animas
725 684 778 741 sibi
791 681 876 744 dilec-

99 787 144 839 tas
172 776 280 838 avellat
303 778 390 836 etiam
414 795 429 832 a
456 772 539 833 donis
557 775 639 847 suis,
665 782 697 831 ut
711 771 875 834 donatorem

99 873 207 952 puriori
223 888 321 930 amore
339 866 453 944 diligere
477 876 633 943 cogantur,
660 862 747 926 efficit
762 875 794 924 ut
817 885 875 943 non

97 966 254 1027 inveniant
271 959 394 1040 amplius
411 963 441 1020 in
455 962 582 1020 oratione
596 959 733 1040 pabulum
758 979 877 1021 consue-

98 1069 164 1119 tum
190 1067 219 1116 et
237 1046 350 1116 ¹solitam
372 1055 611 1131 consolationem,
629 1055 680 1115 sed
698 1053 800 1132 taedia,
821 1059 879 1117 ari·

99 1150 227 1222 ditates,
250 1159 410 1224 tormenta,
434 1159 463 1209 et
485 1149 660 1230 quandoque
678 1152 765 1209 etiam
789 1160 878 1211 tenta·

101 1249 205 1307 tiones.
218 1243 352 1320 lavigilet
367 1263 431 1320 ergo
440 1261 620 1322 summopere
635 1243 831 1306 Confessartus
841 1243 877 1304 ad

98 1336 304 1403 confortandas
312 1339 426 1397 animas
435 1335 519 1413 istas,
529 1354 567 1396 ne
577 1339 732 1398 orationem
744 1340 880 1399 omittant

99 1444 132 1497 et
145 1433 320 1515 praescriptas
330 1434 557 1493 communiones.
570 1433 694 1494 Revooet
705 1432 762 1492 illis
772 1436 801 1493 in
812 1454 879 1494 me-

100 1529 225 1589 moriam
237 1528 323 1586 verba
339 1526 386 1585 illa
400 1526 432 1585 S.
446 1527 588 1586 Francisci
605 1527 727 1601 Salesii,
752 1527 876 1590 scilicet:

100 1622 181 1683 Plus
204 1622 304 1682 volere
321 1641 430 1681 coram
452 1625 517 1681 Deo
533 1621 659 1679 nnciam
681 1643 777 1680 unam
801 1644 877 1683 ora·

102 1715 194 1777 tionis
214 1716 247 1774 in
272 1715 371 1775 medio
398 1713 643 1787 desolationum,
666 1735 761 1792 quom
785 1715 878 1775 libros

103 1823 228 1873 eentum
242 1808 273 1868 in
291 1809 390 1869 medio
404 1809 659 1870 consolationum.
676 1810 822 1885 Quoniam
833 1809 879 1871 ille

104 1904 157 1985 qui
173 1903 268 1963 Deum
285 1900 375 1978 diligit
387 1903 422 1960 ob
432 1902 656 1975 consolationes,
673 1904 799 1983 plusDei
811 1925 880 1987 cou-

105 1996 259 2058 solationes
278 2016 367 2075 quam
394 1994 490 2054 Deum
512 1997 604 2075 ipsum
625 1996 738 2073 diligit;
764 1997 812 2057 sed
830 2001 880 2077 qui

105 2091 207 2152 Deum
217 2100 314 2164 amat,
332 2092 416 2170 eique
428 2087 552 2150 adhaeret
567 2092 628 2150 sine
643 2091 882 2153 consolationibus

107 2187 191 2260 istis,
216 2183 263 2246 hic
278 2203 376 2245 verum
393 2183 517 2246 ostendit
531 2205 669 2245 amorem.
688 2186 757 2247 Haec
770 2185 806 2246 de
821 2207 882 2248 me·

108 2277 249 2341 dilau'one
263 2276 409 2338 sufficiunt
426 2300 434 2335 z
458 2278 508 2337 sed
529 2291 720 2359 opportunum
736 2281 809 2344 duco
826 2283 883 2343 ali-

111 2395 201 2456 quam
223 2372 269 2435 lric
293 2375 377 2433 novis
398 2371 584 2433 Confessariis
607 2378 728 2454 praebere
752 2379 883 2438 notitiam

108 2469 359 2549 contemplationis
379 2465 504 2542 infusae,
528 2488 562 2529 ac
583 2488 701 2530 suorum
720 2469 886 2549 graduum,

110 2582 165 2626 nec
180 2581 239 2623 non
253 2560 373 2622 aliomm
387 2558 527 2623 donorum
545 2563 802 2643 supernaturalium
825 2587 883 2629 una

110 2679 177 2721 curn
193 2654 297 2735 regulis
315 2656 482 2736 praescriptis
497 2679 513 2719 a
531 2659 684 2739 spiritualis
699 2663 764 2721 vitae
780 2665 885 2740 magis·

113 2756 164 2812 tris
192 2749 230 2812 ad
254 2748 435 2811 directionem
462 2755 653 2826 animarum,
681 2757 788 2835 quibus
807 2755 887 2814 Deus

112 2843 279 2924 hujusmodi
293 2850 397 2924 gratias
410 2845 533 2911 voluerit
545 2848 692 2929 impertiri.
