1956 3608
166 206 227 288 295
386 223 489 268 rrrxn
510 219 715 268 consessum.

201 320 272 397 289.
292 325 323 379 ir.
347 315 528 395 Adjurorium
545 325 675 376 nostrum
690 319 721 377 in
736 320 855 380 nomine
870 316 928 378 Do·

160 413 251 482 mini,

199 519 233 570 nr.
256 503 313 579 Qui
328 500 393 559 fecit
410 499 512 568 coelum
527 510 555 561 et
572 512 687 563 terram.

198 597 326 672 Antipir.
343 595 387 654 Ne
400 597 607 675 reminiscaris,
622 597 764 671 Domine,
779 595 926 657 deliciose·

158 687 229 747 muli
245 689 286 745 tui
309 686 378 755 (vel
399 687 507 747 anciiiae
531 697 630 763 tuse),
660 706 755 768 neque
775 686 927 748 vindictam

154 800 252 840 sumas
268 779 303 839 de
315 784 434 860 peccatis
445 785 521 857 ejus.
540 780 633 861 Kyrie
646 823 656 858 ,
669 780 787 841 eleison.
799 780 926 850 Christe,

156 872 269 933 eleison.
291 872 401 953 Kyrie,
415 872 531 933 eleison.
556 872 640 934 Pater
654 881 770 951 noster,
782 883 838 934 etc.
918 950 921 955 ,

194 967 231 1041 i.
253 969 289 1027 Et
302 987 338 1027 ne
355 988 427 1043 nos,
450 954 507 1029 etc.

195 1077 229 1134 tir.
251 1061 310 1121 Sed
326 1064 435 1135 libera,
460 1051 514 1123 eto.

192 1154 227 1227 ir.
251 1154 372 1215 Salvum
391 1157 436 1217 iac
457 1175 572 1216 servum
594 1165 677 1216 tuum
697 1155 771 1226 (vei
795 1153 920 1218 ancillam

152 1258 285 1326 tuam),
307 1252 455 1328 Domine,

191 1359 227 1418 n.
248 1344 329 1404 Deus
346 1364 449 1419 meus,
473 1353 634 1422 sperantem
647 1345 678 1404 in
693 1353 731 1414 te.

194 1444 228 1497 ir.
249 1437 390 1512 Domine,
408 1435 529 1510 exandi,
545 1445 599 1496 etc.

81 1539 86 1546 '
196 1547 232 1599 ιι.
253 1531 290 1589 Et
304 1529 411 1590 clamor
424 1548 526 1604 mens,
542 1538 595 1590 eto.

192 1630 225 1687 tr.
245 1623 391 1685 Dominus
405 1624 564 1683 vobiscum.

188 1735 222 1785 rt·
244 1719 360 1781 Etcum
374 1720 475 1799 spiritu
492 1728 552 1777 tuo.

451 1874 626 1916 OREUUS·

192 1991 920 2074 Gununnnrssrnereus,patermisericordiarom‚

151 2097 180 2148 et
202 2087 284 2149 Dens
306 2092 392 2149 totins
408 2087 627 2161 oonsolationis,
650 2089 702 2168 qui
719 2089 865 2146 neminem
881 2086 922 2171 vis

65 2200 70 2209 ·
149 2184 241 2259 perire
258 2185 288 2240 in
304 2191 331 2240 te
346 2178 507 2261 credentem
522 2190 608 2259 etque
623 2189 785 2258 sperantem
799 2223 809 2254 ,
822 2197 922 2239 securr-

105 2269 107 2275 ’
150 2272 221 2333 dum
238 2274 453 2335 multitudinem
467 2276 683 2337 miserationum
695 2283 811 2334 tuarum
821 2276 923 2353 respice

150 2371 289 2449 propitius
302 2367 460 2452 ancillam,
470 2368 613 2431 famulum
632 2368 670 2429 N.
686 2388 775 2451 quam
792 2366 843 2427 tibi
858 2385 921 2429 vera

149 2460 243 2537 fides,
272 2470 300 2522 et
322 2482 386 2543 spes
406 2462 559 2525 christiana
583 2458 798 2523 commendant.
830 2460 922 2522 Visite

150 2575 214 2616 earn
236 2558 267 2615 in
291 2557 408 2617 salutari
428 2567 496 2632 tuo,
516 2567 544 2616 et
560 2576 610 2636 per
629 2555 776 2632 Unigeniti
797 2556 839 2613 tui
857 2572 923 2633 pas-

149 2647 260 2706 sionem
274 2656 303 2717 et
315 2642 435 2729 moitem
447 2649 576 2708 omnium
588 2649 615 2705 ei
626 2643 792 2707 delictorum
806 2663 922 2707 snorum

148 2741 347 2804 remissionem
368 2752 399 2802 et
417 2742 535 2805 veniam
559 2741 712 2803 clementer
733 2739 867 2819 indulge,
891 2748 924 2799 ut

111 2828 114 2836 ’
150 2841 214 2916 ejus
228 2841 324 2899 anima
339 2840 370 2900 in
383 2837 452 2900 hora
468 2840 561 2899 exitus
575 2839 619 2896 sni
638 2847 664 2896 te
680 2835 805 2913 judicem
826 2838 926 2918 propi-¹

147 2935 251 2993 tiatnm
274 2935 421 3010 inueniat,
435 2944 464 2995 et
475 2936 505 2994 in
516 2934 654 3011 sanguine
665 2928 795 3008 ejusdem
807 2930 874 2993 Fiiii
884 2930 923 2990 tui

145 3027 184 3087 ab
201 3032 280 3089 omni
299 3028 408 3091 macula
430 3028 527 3090 abluta
546 3029 665 3088 transire
687 3023 725 3085 ad
746 3027 838 3085 vitam
862 3043 923 3085 me-

58 3147 63 3156 ·
143 3131 240 3185 rentur
254 3134 432 3206 perpetuam.
454 3124 508 3184 Per
522 3119 676 3208 eumdem,
694 3129 748 3178 etc.
