1956 3608
86 207 125 269 86
167 217 169 223 ’
303 221 408 264 rnnxrs
430 221 633 264 conressrnrr.
675 198 678 205 ’

85 323 153 393 puto
167 312 196 372 i'd
211 331 271 373 esse
282 315 351 373 viris
363 316 521 392 proximam
534 316 708 374 occasionem
720 311 855 392 peccandi

84 407 226 475 lethaliter
249 408 377 486 turpibus
394 405 651 483 delectationibus,
683 417 733 466 aut
753 406 857 467 saltem

85 498 229 559 desideriis
246 521 254 571 3
276 496 354 559 unde
366 496 434 581 dico
448 502 569 560 minime
586 493 809 580 permittendum
828 499 859 559 id

53 641 56 647 .
83 594 167 655 alicui
188 596 285 674 quiin
303 613 333 654 se
350 586 520 655 c'ontmriam
539 586 759 656 contabuisse
773 613 861 674 expe-

1 729 6 767 ,
84 690 225 748 rientiam.
260 687 348 767 Quod
377 692 399 748 si
420 707 549 768 unquam
568 691 635 768 quis
658 708 708 769 per
731 687 861 751 notabile

86 792 198 864 tempus
218 782 350 866 ¹expertus
365 784 485 857 fuisset,
510 787 540 842 in
559 781 726 859 hujusmodi
746 786 860 844 actione

0 895 1 898 ’
74 895 115 938 se
132 881 290 939 immonem
305 898 323 939 a
337 888 467 959 peccato,
484 876 531 937 hic
546 891 641 938 revera
657 876 789 937 damnari
804 895 861 936 ne·

83 978 146 1055 quit
171 972 206 1033 de
228 958 338 1032 mortali
356 993 364 1041 ;
387 971 457 1045 sed,
480 971 533 1031 lroc
546 992 605 1032 non
620 973 772 1045 obstante,
797 990 860 1033 non

0 1129 2 1151 L
49 1090 52 1095 ·
82 1065 480 1127 omittatConl'essariuseum
497 1074 860 1145 removerequantumpo-

83 1170 137 1221 test
150 1162 188 1221 ab
202 1158 369 1244 hujusmodi
384 1157 500 1233 officio,
525 1157 603 1239 qnod
620 1170 693 1220 certe
711 1162 741 1219 in
759 1179 790 1220 se
808 1176 865 1241 pc-·

84 1252 202 1315 riculnm
221 1256 357 1314 continet.
379 1253 432 1313 llic
447 1253 514 1312 nolo
529 1253 648 1314 dubium
665 1251 744 1314 aliud
762 1253 859 1316 discu-

0 1335 1 1341 '
83 1357 162 1422 tere,
182 1347 350 1418 anlleminae
364 1351 472 1426 possint
493 1367 583 1408 necne
606 1357 665 1408 tuta
685 1351 857 1410 conscientia

0 1495 1 1498 ,
82 1444 158 1501 viros
173 1461 332 1514 accersere,
352 1449 382 1499 ut
403 1440 444 1499 illi
465 1461 530 1502 suas
552 1451 726 1521 componant
747 1462 855 1503 comas.

0 1532 2 1544 ¹
82 1534 176 1594 dudio
189 1533 267 1614 qnod
282 1537 349 1614 ipsae
369 1534 497 1615 pluribus
520 1537 549 1594 in
567 1535 634 1595 locis
652 1525 855 1615 hoc„'faciunt,

8 1624 16 1745 l
82 1637 110 1688 et
128 1629 301 1690 confitentur
321 1637 349 1690 et
370 1631 601 1691 communicant:
625 1628 743 1690 videant
764 1634 857 1711 ipse,

77 1730 110 1780 et
125 1723 250 1801 ipserum
267 1721 451 1793 Confessarli.
475 1720 583 1782 Saltem
603 1721 800 1782 confessarius
815 1728 856 1783 eis

81 1820 211 1896 imponat
228 1825 334 1877 utnon
350 1826 468 1876 utantur
481 1819 542 1877 viro
559 1817 655 1896 aliquo
671 1817 795 1894 juniori,
819 1840 856 1880 ex

0 1930 3 1936 ¹
81 1913 164 1985 cnjus
178 1911 335 1970 actionibus
353 1913 526 1989 perceperint
549 1912 688 1972 malitiose
704 1931 734 1971 se
748 1931 857 1989 gerere.

82 2000 223 2062 Caeterum
236 2017 336 2060 censeo
349 2000 425 2080 quod
437 2003 569 2062 mulieres
581 1996 699 2082 pudoris
710 2006 866 2067 conscien·.

82 2095 127 2153 tiae
153 2112 212 2151 non
238 2091 354 2171 quidem
377 2102 494 2152 utentur
515 2095 606 2169 viris,
634 2092 684 2154 sed
713 2102 853 2156 eontentae

81 2195 165 2245 erunt
179 2185 309 2260 leminis,
322 2206 338 2245 a
351 2186 456 2264 quibus
470 2205 548 2249 coma
564 2195 772 2268 componatur,
793 2207 854 2250 me·

82 2277 144 2340 lieri
158 2276 314 2358 modoque
328 2287 430 2360 potest.
514 2288 521 2319 r
