1956 3608
146 202 184 263 68
366 216 469 259 oraxis
490 214 695 258 cournssanu.

184 309 233 381 45.
254 307 348 366 Crnct
364 308 439 366 Vlll
457 311 660 387 Praeceptum.
684 327 708 365 1.
730 305 917 383 Interrogetur

143 401 309 475 Poenitens,
324 403 347 459 si
362 400 487 479 aliquem
500 400 684 460 infamaverit
699 400 712 459 i
726 401 789 459 etsi
804 400 834 458 id
849 399 915 459 elfe-

143 497 210 554 cerit
222 536 232 566 ‚
245 494 350 553 falsum
364 492 498 554 delictum
510 497 535 552 ei
550 492 740 573 imponendo,
755 504 805 553 aut
815 513 914 553 verum

143 584 365 666 patefaciendo?
382 597 410 646 et
433 607 500 646 cum
522 585 657 647 delictum
682 597 725 646 est
746 606 870 662 verum,
893 588 916 645 si

142 678 214 738 illud
228 689 288 738 erat
302 679 464 740 occultum?
478 700 515 738 an
527 679 672 760 publicum
689 682 718 738 in
730 680 827 759 aliquo
842 679 917 754 loco,

142 771 220 833 fama
240 783 289 833 aut
304 772 407 850 judicis
423 777 562 834 sententia
579 773 592 832 i
610 775 683 833 ltem
704 776 879 852 interroget,
894 776 918 833 si

143 866 327 927 infamaverit
341 887 436 927 coram
451 887 531 943 uno,
551 887 589 928 an
606 867 735 948 pluribus
750 866 762 925 i
780 876 808 926 et
822 887 918 928 coram

143 971 212 1039 quot
225 959 238 1019 i
254 961 326 1020 Item
337 964 361 1020 si
375 961 565 1038 divulgaverit
577 961 682 1022 factum
695 1004 704 1035 ‚
719 970 769 1021 aut
779 981 795 1020 a
807 981 838 1020 se
849 982 919 1038 cog·

143 1058 256 1127 nilum,
271 1074 309 1112 an
320 1055 356 1113 ab
370 1052 432 1113 aliis
447 1052 579 1114 auditum
595 1053 607 1112 f
622 1055 702 1115 Circa
718 1064 814 1115 autem
830 1055 916 1116 famae

144 1147 370 1219 restitutionem,
385 1147 408 1204 si
427 1143 559 1206 delictum
575 1145 652 1225 quod
667 1155 709 1205 est
723 1147 918 1225 patefactum,

144 1247 204 1298 erat
220 1238 341 1311 falsum,
362 1241 412 1318 qui
438 1238 588 1299 infamiam
612 1239 733 1314 intulit,
760 1250 873 1300 tenetur
889 1261 919 1300 se

144 1344 301 1395 retractare.
327 1335 359 1394 Si
380 1354 448 1394 vero
466 1334 600 1395 delictum
621 1346 664 1394 est
684 1355 812 1410 verum,
833 1335 919 1398 debet

144 1426 269 1486 infamiae
287 1427 370 1487 illatae
390 1430 547 1506 prospicere
567 1427 675 1488 meliori
693 1427 780 1487 modo
796 1449 855 1507 quo
870 1450 921 1509 po-

144 1528 218 1593 test,
236 1523 296 1578 sine
309 1519 473 1580 mendacio:
489 1520 582 1595 dicat,
596 1541 641 1582 ex.
653 1541 693 1597 gr.
707 1562 716 1593 ‚
731 1523 918 1585 allucinatus

143 1630 236 1683 sum,
261 1633 309 1672 me
323 1613 420 1688 fefelli
431 1653 440 1686 ‚
461 1615 569 1672 erravi.
592 1610 649 1672 Alii
663 1615 747 1671 etiam
762 1610 919 1674 admittunt

145 1719 226 1780 posse
241 1701 316 1776 dici,
337 1705 479 1763 mentitus
494 1725 562 1762 suin
577 1703 827 1782 „aequivocandQ
847 1704 918 1766 dum

143 1815 229 1858 omne
252 1807 396 1875 peccatum
415 1807 457 1856 est
478 1796 687 1873 mendacium,
716 1807 748 1856 ut
764 1797 869 1858 dicitur
887 1803 925 1859 in·

144 1887 307 1968 scripturis.
332 1892 389 1969 Ego
403 1892 479 1950 soleo
492 1891 559 1954 dare
573 1894 744 1966 consilium,
759 1900 791 1950 ut
801 1890 916 1953 dicant:

144 2002 160 2040 e
184 1989 279 2061 cupite
298 2006 365 2045 meo
388 1987 447 2045 hoc
469 1988 557 2060 erui,
583 1990 668 2046 etiam
686 1985 893 2064 aequivocando
908 2007 930 2044 :-·

144 2081 211 2158 quia
234 2083 330 2139 omnia
348 2081 435 2140 verba
457 2088 590 2139 emente
612 2088 684 2159 (pro
701 2099 758 2157 qua
780 2081 919 2157 accipitur

144 2173 253 2250 eaput)
273 2172 436 2251 procedunt.
459 2172 545 2250 Quod
561 2175 584 2232 si
598 2192 727 2251 unquam
738 2170 822 2232 famae
837 2177 919 2233 resti-

146 2267 219 2323 tutio
250 2265 431 2342 probabiliter
460 2264 633 2342 jndicaretur
655 2264 748 2341 majus
775 2263 916 2327 damnum

145 2378 233 2439 quam
248 2359 400 2421 nti-litatem
415 2361 555 2421 infamato
568 2361 687 2422 allatura
701 2403 711 2435 ‚
726 2363 793 2440 quia
809 2381 917 2440 praesu-

144 2453 234 2511 mitur
247 2471 290 2511 res
305 2452 342 2513 ab
361 2451 512 2513 hominum
531 2455 667 2514 memoria
688 2450 832 2520 effluxisse
861 2457 917 2522 (ut

145 2547 324 2622 praesumitur
339 2566 405 2605 cum
420 2547 503 2607 fama·
519 2547 684 2606 obtrectatio
696 2544 786 2604 multo
798 2547 835 2605 ab
849 2545 916 2607 binc

146 2645 271 2714 tempore
286 2637 451 2714 accidisset,
469 2648 497 2699 et
510 2637 576 2698 inde
587 2638 622 2697 de
632 2637 687 2698 hac
699 2637 776 2698 nulla
792 2639 916 2718 amplius

146 2728 221 2787 facta
246 2738 287 2788 est
312 2733 462 2803 mentio');
490 2742 556 2791 tunc
580 2735 668 2792 satius
691 2741 734 2791 est
756 2733 915 2791 occasiones

146 2829 258 2900 captare
271 2822 389 2882 infamia
404 2834 533 2884 notatum
550 2821 687 2883 laudandi
702 2823 731 2880 in
742 2820 839 2899 aliqua
852 2825 926 2898 eius*

146 2915 273 2988 virtute,
300 2925 332 2974 ut
352 2933 418 2974 eum
437 2918 466 2974 in
483 2917 589 2976 bonam
607 2914 727 2974 aliorum
750 2913 914 2991 opinionem

146 3015 254 3083 ponat,
278 3028 366 3086 quam
388 3012 419 3070 in
441 3012 608 3071 memoriam
630 3026 759 3068 revocare
782 3024 824 3063 res
842 3028 916 3086 prae·

148 3098 243 3156 teritas
262 3096 316 3160 hac
332 3100 417 3163 famae
431 3104 616 3165 restitutione.
638 3099 908 3176 Confessariusprn·
