1956 3608
159 235 197 307 54
375 248 478 290 rusxrs
496 246 699 290 conresstmr.

156 345 247 421 gerint
261 339 334 400 filios
347 337 383 399 ad
397 348 502 400 statum
517 338 755 401 matrimonialem
768 342 925 421 suscipien-

154 437 247 508 dum,
271 434 316 495 vel
341 444 373 493 ut
402 437 487 495 sacris
509 436 706 507 initiarentur,
733 445 782 494 aut
798 436 925 516 aliquam

155 530 316 606 religionem
331 531 413 589 iuviti
429 527 664 606 ingrederentur?
683 526 741 589 Sed
755 527 791 588 de
804 528 860 592 hoc
872 551 925 610 pa-

154 633 248 682 rentes
264 621 357 701 plures
372 621 485 681 nullum
501 623 553 680 sibi
568 620 731 702 scrupulum
748 621 879 697 faciunt,
899 632 927 684 et

154 714 222 777 hino
236 715 302 776 liliis
315 717 455 795 pernicies
470 724 497 774 et
513 710 642 775 Ecclesia
658 716 820 774 maximum
840 713 926 777 detri-

48 876 53 893 ,
154 820 284 871 mentum
297 811 411 869 evenire
421 808 501 869 solet.
513 802 671 886 interroget
679 810 766 868 etiarn
776 806 927 884 dominos,

50 898 56 933 '²
155 907 178 965 si
188 897 587 982 famulossuoseorripuerint,
597 901 928 983 cumblasphemabaut,

154 1007 205 1057 aut
229 1005 364 1076 precepto
387 993 510 1073 paschali
534 1014 592 1053 non
616 993 854 1070 satisfaciebant,
879 1002 929 1055 aut

154 1076 302 1176 saerqhon
315 1091 486 1161 intererant,
499 1097 549 1146 aut
561 1086 711 1147 inhoneste
721 1087 928 1168 loquebantur,

154 1185 293 1264 praecipue
307 1184 406 1242 messis
421 1223 430 1255 ,
450 1191 479 1241 et
494 1179 647 1240 vindemiae
667 1183 853 1260 temporibus.
868 1183 932 1242 Do«

154 1279 227 1336 mini
250 1278 350 1349 enirn,
373 1293 438 1335 curn
462 1284 603 1354 possunt,
634 1283 767 1333 tenentur
791 1274 931 1356 impedire

155 1366 930 1447 scandalaquaetunecommittuntur.interrogetetiam

156 1461 233 1520 viros
242 1461 265 1517 si
277 1457 534 1518 familiaealimenta
544 1457 791 1518 ministraverint?
804 1459 933 1536 Uxores,

157 1556 180 1612 si
194 1555 270 1612 viros
284 1551 321 1611 ad
335 1550 528 1631 blasphemias
541 1554 757 1631 provocaverint
772 1552 785 1613 l
802 1562 832 1613 et
845 1555 870 1612 si
882 1573 932 1613 eos

157 1645 252 1708 debito
268 1646 470 1708 matrimoniali
485 1643 742 1706 defraudaverint?
759 1645 934 1727 Plerumque

158 1740 194 1801 de
218 1740 271 1801 hoc
300 1743 506 1817 interrogentur
537 1758 662 1811 uxores,
693 1741 760 1819 quia
787 1739 935 1801 multoties

46 1846 53 1871 ¹
157 1845 270 1915 propter
283 1835 336 1894 hoc
351 1834 443 1893 solum
457 1832 656 1908 damnantur,
670 1843 698 1894 et
716 1836 746 1893 in
762 1852 847 1894 eausa
864 1843 935 1896 sunt

158 1948 208 1990 cur
227 1929 312 1987 etiam
332 1930 384 1987 viri
408 1927 599 2005 damnentur,
623 1928 673 2007 qui
690 1947 755 1988 eum
778 1927 935 1989 observent

159 2021 212 2080 sibi
238 2018 370 2096 denegari
392 2017 469 2099 quod
496 2019 635 2095 debetur,
664 2016 702 2079 ad
726 2016 806 2078 mille
824 2019 934 2080 scelera

77 2186 80 2191 ¹
159 2114 287 2175 effrenati
309 2111 454 2174 (lucidum.
479 2112 675 2173 Nihilominus
691 2115 721 2170 in
736 2111 790 2172 hae
807 2113 935 2175 interro-

62 2262 67 2287 ,
158 2213 268 2289 gatione
283 2208 376 2268 verbis
390 2207 624 2282 modestioribus,
643 2216 785 2288 quantum
803 2207 864 2267 lieri
884 2229 936 2289 po-

52 2308 64 2383 z*
161 2306 243 2374 terit,
258 2311 392 2376 utentur,
408 2324 437 2361 v.
446 2323 486 2380 gr.
497 2305 538 2364 Es
553 2303 694 2363 obediens
703 2315 753 2362 tuo
764 2302 827 2362 viro
838 2303 936 2364 etiam

159 2398 189 2458 in
203 2397 292 2458 rebus
313 2396 355 2456 ad
369 2396 603 2457 Matrimonium
621 2395 858 2474 spectantibus?
876 2410 937 2460 out

163 2489 254 2551 laubos
276 2492 391 2566 forsan
424 2491 556 2568 aliquem
591 2487 790 2564 scrupulum,
823 2490 878 2567 qui
906 2504 936 2552 to

161 2586 279 2647 mordet
293 2585 376 2643 circa
391 2583 622 2643 Matrimonium
636 2579 721 2648 lSed
736 2579 797 2663 hpec
811 2584 937 2645 interro·

161 2679 251 2756 gatio,
271 2684 303 2735 ut
315 2674 470 2753 plurimum
483 2677 631 2735 omittatur
640 2694 706 2734 curn
718 2676 857 2735 uxoribus
868 2694 937 2757 quae

163 2774 252 2833 vitam
269 2767 443 2848 spiritualem
458 2767 637 2848 profitentur.

204 2866 252 2927 36.
275 2864 369 2923 Cum
387 2863 416 2922 V
442 2865 646 2940 Praeceptum.
671 2860 940 2938 Interrogetl’oeui·

165 2969 291 3030 tentem,
311 2960 335 3016 si
349 2955 466 3036 aliquod
480 2975 565 3032 grave
578 2953 718 3016 damnum
734 2956 866 3035 proximo
879 2977 941 3038 ap*

165 3053 315 3130 petiverit,
338 3061 388 3110 aut
403 3050 439 3110 de
460 3049 536 3109 illius
555 3047 662 3109 damno
678 3067 709 3107 se
727 3047 941 3114 oblectaverit?

165 3144 205 3203 Et
227 3143 275 3204 hic
299 3151 412 3204 notetur
434 3142 554 3222 quodsi
574 3143 678 3222 aliquis
689 3161 744 3203 suo
760 3144 879 3207 inimico
891 3144 943 3209 di·
