1956 3608
99 203 153 279 ¹54
314 224 420 269 nnsxss
441 222 646 273 ommatius

95 314 184 375 culter
194 315 230 375 ab
240 313 406 393 hujusmodi
418 318 519 396 pugnis
530 319 621 379 uictor
630 313 789 397 egredietur
798 356 810 391 ,
819 317 872 397 qui

95 417 308 487 pesseverantes
318 428 376 469 non
391 406 507 485 adjiciet
520 428 654 489 maguam
675 407 874 471 mortificatio·

97 518 184 576 uem,
197 510 224 560 et
237 504 428 580 superomnia
440 501 566 563 validam
578 504 750 577 orationem,
767 502 875 563 eeuu'es

97 603 126 653 et
140 593 242 653 millies
254 613 284 654 se
293 595 541 671 commendando,
556 594 717 677 gemendo,
742 604 773 656 et
788 598 875 657 mise·

98 685 247 748 ricordiam
262 688 384 770 petendo
398 689 435 751 ad
445 690 581 750 Crueilini
591 700 620 750 et
635 690 767 769 Deiparae
778 688 876 770 pedes.

100 779 239 863 Alioquin
254 786 276 842 si
289 786 384 844 auima
399 786 532 865 tepescit,
553 795 582 845 et
596 783 692 845 delicit
702 785 733 842 iu
745 782 876 861 orando,

101 886 152 938 aut
161 897 191 936 se
204 878 401 940 mortificando
413 924 424 959 ‚
440 878 508 955 dicit
518 878 664 940 Petrueius
677 876 756 958 quod
771 881 835 958 ipsa
846 880 879 941 in

103 989 208 1048 magno
231 975 281 1033 erit
306 973 428 1053 periculo
447 971 548 1033 ruendi
571 972 671 1033 saltem
690 969 829 1055 indirecte
841 974 880 1033 iu

102 1063 228 1143 aliquam
243 1066 381 1126 occultam
394 1066 507 1126 illarum
519 1069 645 1146 turpium
656 1060 880 1127 delectationum

103 1157 350 1238 complaoentiam.
382 1161 507 1241 ltaque,
528 1170 560 1219 ut
576 1159 766 1219 deveniamus
781 1158 819 1221 ad
837 1178 882 1221 re·

89 1250 222 1327 media,
248 1255 271 1313 si
296 1253 493 1315 confessarius
515 1252 640 1331 judicare
658 1262 750 1333 potest
768 1252 882 1314 nullam

105 1348 222 1405 omniuo
233 1345 332 1407 adesse
344 1347 457 1427 eulpam
469 1351 498 1407 in
515 1347 571 1408 hac
587 1349 742 1406 tentatione
756 1356 883 1426 exparte

105 1437 273 1498 Poenitentis
288 1482 297 1513 ‚
313 1444 406 1520 ipsum
418 1451 485 1501 aute
496 1443 592 1500 omnia
605 1450 719 1500 moneat
729 1440 789 1501 baec
798 1440 886 1501 adhi-

107 1532 173 1591 bere
185 1555 192 1590 :
205 1521 318 1611 jugibus
332 1535 460 1613 precibus
474 1536 527 1595 sibi
539 1535 691 1594 subveniat
701 1577 711 1610 ,
721 1534 886 1614 frequenter

108 1626 270 1688 invocando
300 1627 355 1688 SS.
387 1629 512 1689 Nomina
541 1629 609 1690 lesu
641 1638 669 1687 et
696 1629 828 1689 maria:
855 1647 886 1689 se

108 1720 258 1800 diligenter
272 1734 381 1784 avertat
392 1745 408 1784 a
418 1744 559 1783 sensuum
573 1723 771 1803 voluptatibus
784 1744 792 1783 ε
806 1742 887 1784 com·

108 1818 276 1877 munionem
303 1812 463 1896 frequenlet
488 1836 496 1883 ;
522 1825 691 1896 protestetur
712 1833 788 1895 saepe
810 1815 887 1875 nolle

109 1911 268 1967 consentire
283 1910 443 1986 cuicunque
459 1910 625 1977 tentationi,
642 1917 692 1968 aut
705 1904 887 1968 delectationi

110 2019 197 2079 quam
215 2019 296 2078 opera
312 1998 451 2060 daemonis
463 2003 581 2061 sentiret
593 2022 600 2058 ι
613 2018 686 2079 saepe
697 2007 796 2059 utatur
807 2001 888 2077 signo

111 2096 200 2155 crucis
224 2094 322 2162 (illam
339 2093 456 2155 ferendo
470 2114 584 2176 quuque
598 2113 694 2154 secum
705 2100 738 2169 ),
758 2102 790 2155 et
811 2112 887 2173 aqua

112 2189 259 2249 benedicta
273 2233 282 2260 ,
300 2209 365 2248 cum
381 2192 441 2268 ipsa
458 2189 561 2249 lectum
574 2198 601 2248 et
614 2187 779 2249 cubiculum
791 2206 888 2269 asper-

113 2279 226 2357 gendo:
244 2279 343 2339 aflerat
367 2282 452 2341 etiam
473 2300 569 2341 seeum
590 2279 718 2358 aliquam
738 2279 887 2360 reliquium

113 2374 301 2448 Sanctorum,
319 2385 346 2434 et
359 2375 578 2455 Evangeliomm
590 2374 693 2435 libmm
706 2396 713 2432 :
728 2393 825 2435 secum
836 2393 889 2453 pa·

114 2472 180 2530 niter
207 2468 340 2531 adhibeat
373 2473 542 2531 exorcismos
569 2472 719 2549 privatos,
741 2465 888 2529 dicendo:

115 2565 243 2641 Spiritus
255 2585 402 2641 nequam,
418 2566 448 2624 in
459 2564 582 2624 nomine
591 2564 665 2625 Jesu
682 2562 797 2625 Christi
802 2579 888 2641 proe·

114 2659 192 2736 cipio
208 2658 261 2718 tibi
276 2668 310 2718 ut
323 2680 343 2718 α
355 2681 404 2719 me
417 2658 574 2730 discedas,
601 2673 630 2719 et
642 2679 680 2719 ne
691 2677 740 2717 me
754 2657 889 2736 amplius

114 2773 203 2814 vexes
221 2751 364 2812 :hortetur
379 2762 510 2832 praterea
525 2750 601 2831 quod
616 2761 737 2813 vexatus
753 2749 801 2811 ille
815 2769 889 2831 saepe

114 2843 302 2920 humilietur,
323 2854 349 2905 et
364 2847 393 2904 in
408 2842 575 2922 hujusmodi
594 2842 764 2904 humilitatis
778 2844 889 2905 astibus

116 2960 190 3021 saepe
204 2959 234 2999 se
243 2945 363 3011 excitet3
379 2959 444 3000 cum
456 2940 535 2998 Deus
546 2935 703 3017 aliquando
713 2936 750 2997 ad
760 2936 888 3018 aliquam

115 3036 257 3095 internam
289 3036 450 3115 superbiam
478 3034 515 3093 ab
539 3034 636 3094 anima
660 3030 890 3109 removendam,

118 3126 285 3207 hujusmodi
304 3132 473 3193 tentationes
491 3129 645 3209 permittat.
