1956 3608
98 226 159 282 228
317 238 423 281 anama
440 236 648 281 confessarii.

97 330 204 390 inerint
224 331 357 389 vivomm
379 349 387 398 ;
416 328 470 389 hoc
492 332 571 389 enim
596 349 657 389 non
685 342 866 391 excusatura

98 431 213 501 pearata
238 423 316 498 gravi
342 419 437 487 (vide
459 422 514 480 tto.
532 426 569 495 ti,
592 445 626 482 rr.
651 422 724 500 317.
758 424 820 500 Qu.
836 423 869 481 11.

97 539 126 575 a.
153 517 255 575 Utrum
278 513 467 575 celebraverit
487 515 682 575 festinanter:
705 516 869 597 impendens

96 612 223 669 enimin
240 608 338 669 Missae
361 609 550 669 celebratione
571 612 670 669 minus
687 630 781 690 quam
801 611 868 671 hora

96 700 306 779 quadrantem,
319 704 431 762 etiamsi
441 711 515 760 esset
527 702 616 760 iiisaa
625 704 729 762 votiva
743 703 798 762 BB.
807 704 868 763 Vir-

97 796 192 871 ginis,
213 803 264 855 aut
279 804 476 867 mortuomm,
503 812 556 852 nec
578 795 665 854 etiam
693 797 868 856 excusabitur

98 906 114 946 a
130 885 215 967 culpa
229 890 308 964 gravi
322 887 394 955 (tio.
407 885 447 961 6,
460 888 572 959 mlsoo.
582 893 613 959 ),
628 888 772 966 quoniam
786 891 815 947 in
825 885 868 947 tati

97 980 233 1057 temporis
250 981 341 1057 spatio
361 998 420 1037 non
443 981 544 1056 poterit
563 996 623 1036 non
641 976 744 1038 deesse
761 981 869 1041 notabis

97 1073 162 1133 liter
174 1074 369 1147 ceremoniis,
385 1081 436 1133 ant
452 1071 553 1131 saitem
563 1076 752 1135 convenienti
762 1095 869 1136 earum-

96 1163 165 1226 dem
188 1167 320 1243 gravitati
342 1174 402 1225 tam
422 1166 586 1225 necessarie
604 1163 643 1224 ad
663 1170 868 1227 venerationem

98 1264 172 1322 tanti
189 1261 278 1338 hujus
291 1260 432 1321 sacrificii.
450 1266 479 1323 3.
496 1260 603 1319 Utrum
618 1260 785 1323 satisfecerit
797 1261 869 1321 obii·

98 1361 204 1436 gationi
220 1356 311 1416 divini
326 1355 435 1432 officii,
460 1360 601 1437 precipue
616 1359 641 1416 si
654 1367 700 1418 est
719 1359 869 1420 beneficia·

98 1463 154 1513 tus.
172 1452 238 1511 Non
253 1452 461 1509 omittatetiam
473 1453 621 1511 insinuare
635 1462 669 1512 ut
683 1471 714 1511 se
727 1453 868 1529 habilitet,

98 1551 178 1625 juxta
195 1565 278 1606 suam
292 1546 496 1624 capacitatem,
512 1543 549 1606 ad
563 1544 716 1609 lucrandas
731 1549 798 1610 Deo
810 1552 869 1611 ani-

98 1661 180 1713 mas,
195 1650 228 1702 ut
241 1638 363 1702 celebret
383 1640 504 1699 Missam
521 1659 588 1701 cnm
608 1639 706 1702 debita
730 1664 870 1725 praepara-

100 1740 198 1812 tione,
220 1744 248 1795 et
262 1736 416 1812 gratiarum
442 1735 572 1793 actione:
590 1741 623 1791 ut
643 1735 797 1807 incumbat
811 1757 871 1797 ora-

99 1832 170 1889 tioni
190 1824 330 1899 mentali,
354 1828 414 1884 sine
432 1844 491 1903 qua
514 1821 684 1886 difficillime
708 1828 804 1890 bonus
824 1831 873 1891 en't

99 1922 246 1985 Sacerdos.

143 2018 210 2092 184.
231 2018 303 2079 Xll.
323 2020 360 2081 lu
374 2020 491 2079 materia
510 2020 715 2093 restitutionis,
735 2017 873 2082 ordinarie

99 2114 511 2189 nonabsolvatPoenitentem,
527 2116 769 2194 nisiprius,=cum
778 2120 873 2197 possit,

99 2213 252 2271 restituerit
274 2228 333 2268 rem
356 2207 492 2268 ablatam.
526 2208 723 2271 Nihilominus
743 2210 874 2272 advertat

99 2303 205 2366 multos
220 2305 347 2364 excusari
366 2324 382 2363 a
402 2306 579 2365 restitutione
600 2308 711 2371 ratione
730 2311 873 2388 prescrip·

100 2403 186 2463 tionis
196 2421 259 2463 cum
272 2399 425 2461 bonafide.
452 2402 488 2460 Et
501 2401 547 2461 hic
560 2400 740 2478 notandum,
761 2426 786 2463 r.
800 2406 888 2464 bena·

99 2500 241 2573 mobilia,
271 2497 389 2578 quando
417 2497 497 2558 adest
529 2496 627 2559 titulus
657 2511 873 2581 praesumptus,

99 2595 239 2675 prescribi
256 2598 346 2673 spatio
360 2595 445 2652 trium
460 2612 620 2662 annorum;
636 2594 798 2657 immobilia
809 2615 873 2656 vero

100 2692 192 2771 spatio
200 2687 298 2750 decem
307 2688 765 2766 annoruminterpraesentes,et
775 2692 872 2769 viginti

98 2790 178 2851 inter
190 2788 338 2848 absentes.
357 2805 387 2841 2.
401 2781 550 2842 Probabile
561 2800 621 2841 esse
631 2785 781 2862 praeiatam
792 2807 873 2866 praes·

101 2887 267 2966 criptionem
282 2877 377 2940 valere
394 2880 424 2937 in
446 2877 507 2939 iuro
525 2880 725 2955 eonscientiae,
743 2884 830 2943 etiam
844 2883 873 2941 in

101 2980 157 3039 iliis
172 2978 240 3039 iocis
266 2975 425 3054 inquibus
450 2977 480 3033 in
509 2974 568 3034 iore
593 2983 786 3037 extemonon
800 2979 874 3055 viget

101 3069 148 3128 lex
166 3072 400 3149 prescriptionis,
414 3079 447 3130 ut
461 3072 490 3128 in
508 3086 591 3148 regno
602 3078 721 3142 nostro,
746 3072 785 3130 ob
799 3067 874 3130 diffi·
902 3067 906 3073 ’

97 3163 234 3233 cultatem
259 3164 401 3249 probandi
425 3166 533 3226 bonam
561 3162 660 3225 fidem,
692 3166 873 3247 Excipienda
