1956 3608
304 197 330 273 ς.
342 215 376 259 ιι.
389 214 456 259 amr
470 178 678 261 abanamosrs.
819 201 872 279 137

103 324 217 387 semper
228 324 266 368 an
281 305 327 368 iiia
341 308 436 387 regola
445 308 540 371 valeat
554 294 600 370 vei
614 330 673 371 non
683 328 736 391 pro
745 312 875 391 prasenti

102 421 170 461 casn
183 443 193 475 ,
209 403 259 481 qni
273 420 382 483 semper
394 404 448 465 sibi
464 404 607 465 videbitur
620 396 694 465 atius
706 404 746 467 ab
759 402 809 464 ilio
822 404 875 483 qni

88 540 91 547 .
103 513 119 552 ι
135 492 316 554 Confessario
330 498 510 575 supponitur.

141 602 192 662 97.
211 583 243 645 Si
260 587 290 658 4.
311 585 469 665 Scrupnins
485 595 528 646 est
544 589 616 647 circa
632 588 787 667 praeteritas
803 605 878 649 oon-

101 673 257 749 sessiones,
281 695 385 756 nempe
399 675 477 756 qnod
492 679 522 737 in
537 679 578 736 eis
599 699 656 737 non
672 681 740 737 sotis
751 676 877 759 explica-

101 769 196 827 verint
223 771 318 829 omnia
342 780 454 848 peecata
479 781 530 831 ant
556 773 806 845 circumstantias,
830 771 876 831 vei

100 857 179 937 qnod
191 857 346 920 defecerint
362 862 392 918 in
407 859 502 920 dolore
518 904 528 936 ,
553 861 783 935 Confessarius,
810 880 876 921 cnm

99 948 233 1010 advertat
247 949 435 1010 Poenitentem
457 951 556 1012 fecisse
572 951 778 1013 confessionem
793 970 878 1029 gene·

99 1043 210 1115 ratem,
230 1051 280 1103 ant
301 1063 350 1124 per
369 1043 484 1125 aliquod
499 1045 626 1106 notabile
641 1055 754 1126 tempos
771 1043 878 1125 pluries

99 1138 235 1214 reperisse
255 1156 298 1196 res
319 1147 484 1214 anteactas,
511 1139 579 1200 hoio
603 1142 749 1218 imponere
772 1137 876 1213 deber,

88 1246 136 1287 ,ne
144 1227 208 1286 illas
216 1227 498 1306 ampliusdeliberate
509 1231 658 1307 recogitet,
672 1239 698 1289 et
708 1247 745 1287 ne
754 1230 876 1289 verbnm

98 1318 186 1381 faciat
199 1319 235 1379 de
251 1320 340 1400 culpis
355 1324 421 1382 vitae
435 1325 582 1403 preteritae
598 1365 608 1398 ,
630 1325 686 1382 nisi
702 1343 767 1384 cum
782 1325 876 1400 jurare

99 1416 188 1493 possit
200 1433 248 1474 eas
261 1413 347 1474 fuisse
360 1427 435 1477 certe
450 1418 600 1491 mortales,
619 1426 648 1477 et
660 1427 791 1498 praeterea
801 1427 876 1478 certe

98 1527 250 1588 nunquam
261 1511 292 1568 in
303 1511 478 1572 confessione
490 1532 537 1573 eas
548 1513 654 1572 dixisse
667 1533 675 1583 ;
687 1512 758 1573 dnm
772 1511 875 1573 docent

98 1603 170 1661 DD.
191 1605 236 1675 (1)
258 1603 459 1682 scmpuiosos,
478 1607 591 1664 etiamsi
612 1624 649 1663 ex
666 1604 875 1666 inadvertentia

98 1695 261 1753 omisissent
284 1692 402 1774 aliquod
420 1714 507 1773 grave
523 1703 690 1775 peccatum,
707 1713 765 1753 non
785 1700 875 1755 teneri

99 1784 227 1855 (saltem
242 1805 308 1845 cum
323 1784 359 1844 de
378 1785 433 1846 hoo
449 1806 507 1846 non
529 1788 586 1846 sint
600 1787 692 1858 certi)
715 1805 779 1846 cum
795 1795 875 1846 tanto

96 1874 279 1936 incommodo
292 1885 321 1936 et
334 1876 458 1956 periculo
473 1877 509 1937 ad
528 1876 698 1938 servandam
716 1872 874 1938 confessio‘-

97 1970 143 2027 nis
159 1969 368 2044 integritatem,
382 1987 464 2047 aqua
477 1971 575 2027 minus
588 1966 704 2047 quidem
717 1971 874 2029 incommo-

98 2059 169 2121 dum
185 2080 273 2139 quam
286 2061 340 2129 hoc
353 2059 412 2139 jam
427 2081 562 2122 excusare
574 2060 651 2122 vaiet
663 2064 719 2132 (a).
742 2063 831 2121 Curet
842 2065 873 2121 in

97 2155 152 2217 boc
168 2154 385 2232 confessarius,
409 2167 441 2217 ut
455 2158 595 2236 poenitens
616 2162 715 2215 exacte
735 2152 874 2230 obediat,
908 2173 910 2179 ·

97 2256 126 2307 et
138 2248 163 2307 si
176 2266 235 2307 non
254 2247 368 2320 obedit,
388 2266 454 2307 enm
470 2251 614 2327 increpet,
635 2248 727 2326 privet
742 2267 873 2307 commn-

98 2343 184 2402 nione
196 2383 206 2416 ,
220 2349 249 2399 et
261 2342 381 2416 rigorose
394 2349 528 2399 coerceat.
552 2339 716 2418 scrupulosi
731 2339 872 2400 ordinarie

98 2456 164 2497 cum
178 2433 329 2495 dulcedine
340 2430 477 2494 tractandi
493 2440 579 2506 sunt,
594 2431 644 2491 sed
652 2435 723 2491 cirea
732 2431 874 2521 obedien·

98 2532 170 2590 tiam
186 2547 306 2604 magnus
320 2529 392 2604 rigor
405 2546 472 2587 cum
487 2527 556 2605 ipsis
574 2533 616 2585 est
629 2522 808 2585 adhibendus
823 2547 830 2597 ;
846 2528 870 2586 si

98 2626 176 2684 enim
190 2619 266 2681 hanc
280 2618 614 2682 obedientie-anchoram
630 2624 788 2697 amittunt,
806 2639 871 2682 cer·

99 2727 161 2778 tom
184 2718 333 2776 incurrunt
350 2714 532 2794 naufragium
549 2737 557 2783 ς
581 2736 650 2776 nam
670 2725 720 2776 aot
740 2724 871 2776 amentes

99 2811 240 2887 evadent,
258 2820 309 2872 aut
322 2809 449 2872 habenas
462 2813 492 2870 in
506 2813 576 2874 vitia
591 2810 771 2872 relaxabunt.

135 3016 171 3074 (ι)
189 3011 246 3063 Lib.
261 3027 294 3070 ι,
311 3026 339 3062 n.
351 3015 402 3074 87,
419 3026 446 3061 v.
457 3025 482 3060 ι.
500 3008 579 3076 Quod
591 3004 669 3058 nihil.

134 3112 171 3172 (ι)
189 3105 246 3160 Lib.
259 3109 293 3168 6,
313 3118 346 3158 ex
358 3117 433 3157 nom.
446 3105 504 3167 488.
