1956 3608
207 201 233 280 §.
247 224 281 264 rr.
298 220 501 265 neutrumne
514 215 711 280 conanum,
725 214 778 265 etc.
822 203 876 285 175

104 312 179 391 bus,
192 315 339 395 precibus„
359 326 388 374 et
400 313 703 389 determinationibus,
722 312 879 374 dummodo

103 421 186 473 aetus
200 413 243 470 isti
259 429 316 471 uon
329 410 478 470 eliciantur
489 413 592 470 inviti:
608 408 685 473 uude
694 409 738 471 illi
754 420 881 471 tautum·

101 503 190 581 ruodo
201 513 269 565 suut
283 502 404 564 lactendi
415 545 425 579 ,
437 506 543 583 quibus
557 523 587 562 se
601 507 696 566 anima
710 508 797 565 sentit
808 523 879 564 sua·

106 600 181 660 viter
194 597 371 658 inclinatam.¹

147 695 212 754 ηδ.
233 693 372 770 Insuper,
394 685 603 750 advertendum
622 700 666 750 est
684 691 878 770 quodnam,

101 796 259 866 antequam
275 781 438 843 introducat
450 785 577 842 animaru
594 785 622 842 in
637 787 792 843 orationem
808 804 879 845 eon·

100 879 317 959 temptationis,
333 873 405 935 solet
419 894 482 935 earn
502 895 619 956 purgare
632 875 765 956 ponendo
777 879 807 935 in
820 882 879 937 ari·

101 968 196 1030 ditate
217 965 451 1046 supernaturali,
474 985 538 1046 que
558 966 716 1047 appellatur
736 969 878 1049 purgatio

98 1062 296 1141 spiritualis,
319 1069 352 1119 ut
370 1078 432 1119 eam
456 1060 588 1140 purificet
610 1082 627 1122 a
648 1064 708 1120 suis
726 1061 880 1140 imperiea-

100 1155 252 1226 tionibus,
277 1171 343 1231 qnae
357 1150 398 1210 illi
415 1149 577 1230 impediunt
596 1151 878 1231 contemplationem.

99 1248 201 1327 Atque
223 1244 527 1322 hisdistiuguendum
555 1255 599 1305 est
618 1250 692 1306 inter
714 1245 877 1306 ariditatem

98 1344 293 1414 sensibilem,
312 1359 377 1419 quae
394 1343 514 1419 pertinet
530 1338 723 1414 adsensum,
751 1350 779 1401 et
793 1340 879 1401 aridi-

100 1448 190 1499 tatem
200 1435 452 1509 substantialem,
470 1455 535 1516 qute
548 1440 671 1516 pertinet
686 1435 722 1496 ad
735 1440 877 1517 spiritum.

101 1529 229 1591 Ar'iditas
253 1522 402 1590 sensibilis
431 1527 493 1596 (de
514 1531 710 1591 substantiali
729 1531 878 1611 loquemur

100 1643 185 1685 num.
206 1624 388 1702 sequenti),
415 1621 533 1701 qnando
560 1633 603 1682 est
628 1626 795 1696 naturalis,
824 1627 878 1684 t'ert

101 1736 200 1777 secum
220 1713 366 1794 quoddam
382 1713 497 1775 taedium
514 1733 606 1774 rerum
622 1715 832 1794 spiritualium,
849 1727 878 1777 et

101 1813 302 1883 obscuritatem
318 1808 474 1887 quamdam
490 1809 647 1883 leviorem,
671 1819 700 1870 et
715 1814 811 1869 minus
822 1809 878 1869 du·

101 1903 221 1965 rabilem
234 1925 242 1974 ;
257 1902 307 1961 s'ed
322 1901 438 1981 quando
451 1913 494 1962 est
508 1904 749 1982 supernaturalis,
769 1904 806 1963 de
819 1906 877 1985 q'ua

101 1997 149 2059 hic
166 2000 296 2073 agimus,
317 1999 401 2076 ponit
420 1999 547 2055 animam
569 1999 599 2054 in
624 1997 750 2077 quadam
774 2001 877 2059 ubscu-

101 2095 187 2153 ritate
201 2089 394 2170 profundiori,
408 2109 472 2168 quae
489 2092 578 2168 magis
593 2087 693 2164 durat,
709 2100 738 2149 et
751 2090 879 2170 quotidie

101 2188 200 2260 majus
210 2186 310 2264 accipit
325 2187 541 2244 incrementum.
558 2179 768 2260 Nihilominus,
781 2188 879 2247 aalma

101 2283 132 2340 in
148 2278 197 2339 tali
212 2288 288 2337 statu
304 2283 477 2351 constituta,
503 2278 566 2340 licet
589 2283 693 2340 sentiat
710 2301 740 2340 se
758 2284 877 2358 magisa

103 2372 239 2431 creaturis
255 2367 429 2442 alienatam,
441 2378 469 2426 et
477 2367 582 2428 babeat
592 2374 788 2447 cogitationem
800 2392 878 2430 sern-

102 2481 154 2542 per
164 2464 194 2520 in
205 2461 303 2520 Deum
315 2458 452 2534 defixam,
462 2478 518 2518 una
531 2480 597 2520 curn
608 2463 714 2537 ingenti
728 2459 878 2538 desiderio,

102 2562 133 2615 et
150 2550 389 2612 determinatione
402 2571 469 2611 eum
488 2549 608 2632 perlecte
622 2551 759 2626 amandi,
781 2562 878 2615 tamen

103 2646 191 2704 sentit
205 2663 235 2702 se
250 2641 390 2703 redditam
413 2653 551 2725 tanquam
574 2645 757 2725 impotentem
774 2644 811 2707 ad
825 2646 879 2710 lroc

103 2734 320 2816 exsequendum
338 2737 375 2795 ob
397 2755 463 2797 suas
483 2737 729 2817 imperfectiones,
754 2759 877 2819 quarum

103 2848 190 2890 causa
208 2826 321 2888 videtur
343 2827 416 2890 lacta
441 2829 504 2889 Deo
528 2828 662 2890 odibilis:
685 2828 734 2889 sed
752 2832 878 2904 interea,

105 2910 238 2980 huc'non
262 2921 409 2992 obstante,
424 2940 482 2979 non
498 2931 587 2980 cessat
605 2939 636 2978 se
649 2929 721 2980 recte
734 2938 828 2995 gerere
847 2923 878 2985 in

105 3011 271 3073 virtutibus.
282 3008 350 3069 llaec
362 3010 479 3069 molesta
494 3010 610 3069 ariditas
620 3018 662 3068 est
672 3008 790 3088 quidam
803 3020 878 3074 trac-

107 3115 153 3164 tus
168 3103 281 3179 gratiae,
299 3109 341 3160 est
352 3099 400 3160 lux
416 3097 550 3179 quaedam
563 3100 807 3181 supernaturalis,
829 3103 883 3163 sed

433 3199 436 3202 ,
699 3193 734 3252 R
757 3199 777 3268 p
