1956 3608
186 229 254 274 CAP·
265 230 300 275 V·
313 231 379 273 emt
388 226 571 273 uirtutum
581 229 622 273 Μ’
634 228 796 274 uoltum.
822 234 873 276 101

102 338 162 382 uon
176 332 221 383 est
234 324 422 384 necessarium
433 320 546 383 differre
556 325 597 382 eis
609 321 817 383 absolutionem
829 339 878 401 per

101 436 222 495 annos,
237 427 288 479 out
299 436 434 495 menses,
458 427 491 479 ut
505 419 593 478 nimis
607 415 696 496 rigide
710 414 774 477 vult
787 415 879 477 Juve-

102 513 193 570 ninus
210 516 273 587 (1');
289 511 339 573 sed
351 511 514 590 reguiariter
528 515 595 572 satis
609 515 678 584 erit,
695 513 718 571 si
729 520 878 592 meatum

101 603 226 683 procedit
237 624 274 666 ex
288 604 440 684 fragititate
455 608 628 679 intrinseca,
642 603 741 664 ditatio
755 614 817 664 outo
831 603 878 665 vel

101 695 766 778 decemuirum,proutaitdoctusauetorlibri
777 697 877 757 Rome

100 785 190 864 editi,
203 791 250 849 cui
264 787 387 863 titulus,
401 791 568 849 instructio
580 809 637 866 pro
653 787 736 847 novio
748 786 880 862 Censeo·

99 880 189 943 soriis
205 882 253 956 (2)
268 903 276 952 3
292 880 428 960 idemque
439 878 507 949 dicit
518 889 615 942 auctor
624 877 713 941 libelli
726 878 833 957 ubique
846 881 878 937 irr

98 972 183 1035 ltalia
202 977 329 1054 accepti,
344 976 389 1035 cui
406 973 523 1050 titulus,
541 972 708 1038 Instructio
718 992 776 1051 pro
795 973 878 1032 Con·

90 1062 235 1144 fossoriis
249 1069 467 1146 oppidulorum
480 1068 656 1131 civicorum
669 1070 735 1145 (3),
754 1067 804 1126 ubi
823 1085 875 1146 pro

96 1157 150 1221 hac
167 1159 296 1221 doctrina
319 1163 386 1222 citat
407 1161 588 1224 Ludovicum
609 1162 718 1221 Hubert
741 1165 797 1233 (4).
814 1158 877 1217 ud·
928 1196 934 1211 .

96 1251 230 1334 duntque
246 1273 308 1314 esse
321 1258 498 1316 excessivanr
515 1265 544 1316 et
562 1255 748 1334 periculosam
765 1252 877 1312 dilatio-

94 1365 164 1407 nem
183 1349 310 1421 mensis,
328 1351 395 1428 quia
411 1359 473 1430 post
488 1359 602 1410 tantum
623 1358 736 1429 tempus
750 1343 876 1407 difficilis

93 1437 225 1499 redditur
253 1439 360 1501 reditus
386 1441 551 1520 hujusmodi
581 1443 795 1502 Poenitentium.
838 1440 875 1500 Et

94 1532 163 1593 huic
171 1533 276 1609 judicio
285 1533 363 1596 favet
373 1531 874 1613 regnansSS.P.BenedietusX1V,

94 1626 125 1685 in
135 1625 224 1687 bullo
233 1628 422 1704 apostolico,
439 1630 489 1689 ubi
503 1627 624 1707 loquens
636 1625 672 1687 de
685 1626 874 1687 confessariis

94 1720 146 1798 qui
157 1720 211 1779 rite
224 1719 432 1781 Poenitentibus
441 1721 650 1782 absolutionem
662 1716 817 1791 differunt,
835 1720 876 1781 sic·

93 1809 200 1872 tonde
223 1833 272 1873 eos
295 1824 393 1873 monet
405 1817 504 1877 :iilos
518 1815 703 1893 quantocius
717 1827 751 1873 ut
766 1833 873 1873 rever-

92 1916 201 1966 tamur
226 1907 375 1985 invitent,
396 1921 431 1967 ut
452 1907 494 1968 od
516 1907 747 1967 Sacramentale
759 1909 873 1982 ſsorum

91 1997 226 2079 regressi
240 2038 250 2071 ‚
272 1999 471 2060 absolutionis
486 1997 633 2078 benificia
648 1999 800 2058 donemur
816 2000 872 2069 (5).

92 2090 169 2151 Nota
182 2091 269 2151 verba
282 2132 292 2166 ‚
305 2094 503 2171 quomodote,
521 2107 550 2156 et
558 2092 722 2152 donentur.
734 2088 781 2153 Ad
792 2109 874 2150 suro-

93 2204 202 2262 mum,
230 2184 315 2262 dico,
346 2187 392 2248 his
415 2186 522 2248 differri
546 2195 639 2268 potest
659 2185 800 2246 absolutio
822 2204 873 2265 per

94 2277 282 2358 quindecim,
302 2290 353 2340 aut
365 2284 466 2357 viginti
481 2281 551 2345 tto.
576 2279 633 2340 Sed
647 2282 774 2359 excipere
790 2299 872 2360 opor-

96 2368 211 2431 tetillos
232 2372 283 2449 qui
310 2358 435 2450 terrrpore
455 2372 585 2450 praeoepti
609 2370 753 2430 Paschalis
779 2369 872 2428 eonii-

96 2470 213 2534 teuton
230 2483 281 2543 pro
303 2465 363 2524 istis
387 2467 465 2525 enim
489 2463 605 2540 majoris
627 2465 761 2542 temporis
784 2480 871 2539 expe-.

96 2554 194 2615 iieutia
211 2555 382 2633 requiritur,
398 2576 462 2618 curo
474 2558 550 2636 justa
560 2555 683 2636 suspicio
693 2551 789 2615 haberi
803 2571 869 2632 pos-

128 2714 167 2773 (ι)
185 2710 253 2763 Vide
265 2706 310 2764 lib.
323 2715 356 2776 6,
377 2729 453 2767 nuru.
472 2716 530 2782 463.

128 2794 166 2853 (α)
184 2790 241 2844 Pur.
254 2794 282 2860 1,
296 2810 353 2862 cup·
365 2813 396 2863 9,
417 2812 490 2849 num.
504 2802 564 2848 215.

127 2868 166 2930 (3)
185 2869 248 2937 Cup·
264 2891 293 2933 r,
314 2871 339 2941 5.
353 2884 376 2938 4.

129 2952 165 3014 (4)
184 2950 215 3001 In
228 2955 303 3019 praui
319 2955 414 3006 Poenit.
427 2964 460 3006 tr.
475 2964 506 3020 4,
520 2970 580 3021 pag.
593 2962 653 3018 4¹7·
720 3004 723 3009 .

104 3100 116 3168 ς
130 3026 166 3088 (5)
182 3028 275 3098 Bulla,
289 3033 452 3102 apostolico,
467 3033 495 3084 in
507 3030 601 3083 bullar.
611 3036 675 3082 tom·
687 3027 717 3088 3,
731 3041 788 3094 pag·
807 3024 864 3091 143·

118 3118 192 3176 ιιῃ.

683 3197 714 3259 E
734 3199 757 3260 ἲ)
