1956 3608
155 212 210 254 roo
375 208 479 251 rnrxrs
499 202 703 250 conresstnrr.
805 210 808 215 ·
916 174 919 179 ’

149 295 316 370 absolvere,
339 298 361 355 si
383 296 525 355 Poenitem
538 303 582 354 est
595 314 645 371 pro
664 303 734 353 tunc
749 291 924 373 impeditus,

152 398 181 450 et
193 390 308 449 firmum
322 387 409 448 habet
420 390 593 469 propositum
607 385 818 462 denuntiandi,
830 392 927 449 statim

154 480 355 544 accommode
375 493 465 562 potest
492 486 550 556 (r).
576 480 751 558 Huiusmodi
774 480 930 545 denuntia·

154 581 244 637 tiones
265 575 326 635 fieri
353 574 458 637 debent
484 577 584 637 saltem
612 579 840 637 intra-mensem
871 580 928 649 (a).

152 670 226 731 Item
244 669 405 730 notandum
430 669 507 751 quod
533 691 550 730 a
579 670 618 731 N.
638 669 694 729 SS.
718 670 751 729 t.
777 669 933 731 Benedicto

153 762 231 825 xlv
245 768 316 839 (3),
342 768 446 845 cuique
462 767 628 845 impositum
655 773 698 823 est
723 783 795 823 onus
815 762 934 825 denun-

155 856 246 918 tiandi
262 857 497 935 Corriessarium,
515 877 602 937 quern
616 858 698 919 sciret
714 856 854 934 obligasse
871 856 940 917 Pte·

154 953 296 1011 nitentem
313 950 350 1011 ad
366 950 609 1011 manifestandum
623 949 810 1030 complicem,
825 952 941 1013 nisiex

156 1064 234 1104 mera
262 1043 443 1122 simplicitate
466 1052 517 1102 aut
543 1041 734 1121 imprudentia
760 1040 790 1101 id
821 1030 943 1121 egisset.

157 1136 268 1196 Ultimo
281 1136 440 1196 notandum
454 1138 527 1197 circa
534 1135 674 1214 sortilegia
687 1135 843 1212 laicorum,
856 1134 947 1217 quod

157 1229 243 1291 hodie
258 1233 288 1290 in
303 1240 398 1291 nostro
413 1249 497 1310 regno
508 1230 643 1311 Neapolis
655 1272 665 1304 ,
679 1240 790 1310 propter
804 1230 946 1292 insinua-

159 1328 267 1385 tionem
279 1328 367 1384 nostri
383 1328 455 1402 regis
469 1323 566 1385 Caroli
578 1324 622 1384 111
633 1343 712 1398 ,non
726 1321 806 1384 adest
825 1323 943 1403 obliga-

159 1420 199 1478 tio
217 1418 265 1479 ilia
281 1418 493 1493 denuntiandi,
510 1421 566 1478 nisi
581 1439 647 1479 curn
661 1420 816 1478 intervenit
829 1420 940 1479 abusus

160 1508 215 1570 SS.
233 1508 437 1585 Eucharistiae,
457 1509 584 1570 autOlei
599 1508 699 1570 Sancti
715 1511 771 1582 (4).

200 1604 250 1677 84.
269 1603 323 1663 111.
345 1603 497 1679 Demum,
516 1602 595 1684 quod
609 1604 730 1683 pertinet
748 1600 785 1662 ad
809 1602 936 1685 impedi·

160 1704 260 1755 menta
283 1698 480 1769 matrimonii,
507 1716 573 1756 curn
591 1694 735 1754 Poenitens
749 1693 869 1774 aliquod
883 1698 935 1757 irn-

156 1784 358 1865 pedimentum
378 1785 487 1860 habet,
512 1796 540 1844 et
564 1787 782 1847 matrimonium
805 1786 935 1847 nondum

161 1888 206 1938 est
221 1881 350 1954 initum,
373 1879 453 1959 ptura
469 1877 642 1957 distinguere
659 1874 790 1960 oportet:
808 1881 832 1938 si
846 1882 937 1961 impe·

162 1970 325 2032 dimentnm
340 1982 384 2033 est
396 1975 674 2051 consanguinitatis,
697 1982 746 2033 aut
762 1975 935 2049 cognationis

162 2066 342 2146 spiritualis,
365 2077 416 2127 aut
430 2064 579 2127 affinitatis
593 2086 629 2126 ex
643 2064 744 2146 copula
761 2058 936 2149 licita'nsquc

163 2159 202 2220 ad
221 2169 357 2240 quartum
378 2158 521 2237 gradum,
545 2168 596 2220 aut
613 2158 733 2239 publicae
756 2158 935 2237 honestatis,

163 2256 217 2314 etsi
240 2263 315 2313 esset
339 2252 509 2329 occultum,
535 2251 734 2314 Confessarius
763 2252 937 2333 adstringere

165 2345 251 2407 debet
264 2345 453 2407 Poenitentem
463 2345 511 2407 vei
521 2346 559 2407 ad
573 2345 805 2409 denuntiandum
816 2346 937 2427 impedi·

164 2452 321 2517 mentum,
344 2440 392 2502 vel
411 2440 448 2502 ad
466 2440 706 2523 dispensationem
719 2440 907 2503 obtinendam
920 2462 937 2503 a

165 2538 297 2599 Dataria.
319 2537 351 2598 Si
365 2547 461 2598 autem
475 2537 717 2618 impedimentum
732 2546 776 2597 est
789 2534 938 2599 affinitatis

165 2651 204 2692 err
212 2628 313 2709 copula
326 2629 422 2691 illicita
431 2650 497 2691 curn
507 2631 716 2708 consanguinea
728 2648 838 2711 sponse
847 2648 939 2713 usque

167 2723 207 2785 ad
227 2720 385 2784 secundum
411 2721 558 2801 gradum,
584 2722 670 2785 modo
695 2722 818 2785 adiuerit
839 2723 939 2805 copula

168 2825 366 2883 consummata
383 2836 449 2878 cum
464 2819 652 2879 seminatione
665 2816 785 2898 perfecta
804 2818 851 2891 (5)
864 2861 875 2895 ,
890 2824 940 2879 aut

204 2953 242 3013 (ι)
259 2932 341 2999 Num.
354 2951 414 3017 693.
548 2951 587 3011 (a)
605 2945 709 3003 thiar.
721 2951 892 3002 Hostanen.

204 3024 243 3086 (3)
260 3023 316 3077 Lib.
329 3030 363 3086 6,
376 3033 474 3093 mtpr.
551 3030 590 3092 (4)
609 3026 664 3079 Lib.
676 3038 707 3096 4,
719 3045 747 3081 n·
758 3028 826 3092 253,
838 3030 867 3081 in
877 3026 941 3081 fine.

206 3108 244 3168 (5)
260 3102 316 3157 Lib.
328 3108 359 3168 6,
372 3119 447 3157 num.
462 3104 525 3163 1035
538 3114 565 3159 et
578 3112 652 3174 1075.

897 3198 946 3251 est
