1956 3608
218 232 284 278 ota.
298 233 365 279 rur.
383 230 419 276 nt
432 232 653 293 consulensis,
666 225 723 280 etc.
819 222 878 303 ¹59
921 286 924 291 Δ

105 326 222 386 tentiae:
240 334 308 387 tune
320 327 397 385 enirn
412 344 471 385 non
486 323 588 401 debet,
608 344 703 406 neque
716 334 808 407 potest
820 329 877 387 sb-

104 418 214 479 solvere
227 419 437 496 penitentem,
461 422 512 498 qui
532 419 645 481 illinon
664 418 727 480 vult
744 422 880 499 acquies-

103 531 165 574 oere
186 516 244 586 (r).
268 513 427 586 Attamen,
454 513 478 570 si
496 513 662 591 provideret
677 514 879 575 confessarius

103 608 390 668 summonitionem
412 624 470 664 non
492 624 553 664 esse
574 607 724 668 l‘oenitenti
743 607 878 688 profutu-

103 720 184 775 tarn,
201 698 252 760 sed
263 702 357 781 potius
369 697 499 759 redderet
513 699 631 760 forrualc
646 711 790 779 peecatum
806 700 877 763 illuri

100 792 181 875 quorl
198 797 229 854 in
246 794 406 854 Poenitcnte
424 803 466 851 est
483 802 596 852 tantum
617 793 785 868 materiale,
809 805 880 858 tunc

100 887 188 948 debet
210 886 415 960 dissimulare,
441 889 565 964 exeeptis
582 885 726 966 aliquibus
742 889 880 949 casibus:

98 976 324 1058 videaturquot
334 976 441 1039 dictum
455 989 497 1040 cst
511 999 616 1060 supra,
629 1002 717 1042 num.
729 982 786 1044 liet
797 999 827 1059 9.
882 974 887 983 “

147 1072 215 1134 116.
234 1072 315 1133 test
326 1072 482 1152 aliquando
492 1074 690 1136 confessarius
704 1077 879 1137 commiserit

97 1169 226 1248 aliquem
240 1187 360 1228 errorem
375 1171 446 1227 circa
464 1169 589 1229 valorem
605 1170 800 1235 Sacramenti,
817 1173 879 1228 sine
956 1196 961 1211 ·

98 1281 152 1320 sua
167 1259 270 1339 eulpa,
284 1278 341 1318 non
357 1267 469 1318 tenetur
481 1278 517 1317 ex
534 1262 641 1335 justitia
656 1278 772 1319 monere
784 1259 881 1320 Poerri·

100 1363 233 1426 tentem,
249 1351 298 1412 secl
312 1351 403 1412 solum
412 1373 448 1412 ex
458 1353 595 1415 charitate
605 1395 614 1428 ‚
626 1373 691 1434 quae
702 1373 760 1414 non
774 1355 878 1432 obligat

99 1468 167 1510 curn
176 1450 254 1526 gravi
263 1446 443 1508 incommodo
453 1446 878 1525 (2)‚rlummodoC0nlessarius

99 1543 209 1602 nonsit
223 1543 285 1617 ejus
296 1539 453 1618 parochus,
467 1544 518 1620 qui
531 1552 642 1601 tenetur
652 1563 781 1621 reparare
792 1563 880 1621 grave

100 1633 240 1695 damnum
256 1631 362 1693 subditi
375 1653 383 1701 ;
403 1642 430 1690 et
445 1631 603 1693 dummodo
618 1633 761 1693 Poenitens
773 1655 830 1693 non
842 1639 879 1696 sit

100 1732 130 1789 in
146 1731 244 1789 mortis
262 1727 403 1808 periculo,
426 1729 520 1788 autin
539 1726 664 1807 periculo
679 1727 803 1807 amplius
820 1748 879 1788 non

100 1821 277 1893 confitendi;
294 1824 361 1901 quia
377 1832 444 1882 tunc
458 1820 580 1882 ebaritas
594 1821 698 1900 obligat
710 1823 795 1882 etiarn
811 1842 877 1884 curn

100 1921 183 1998 gravi
205 1915 395 1979 incommodo.
425 1914 550 1993 Quodsi
568 1917 767 1978 confessarius
780 1921 810 1976 in
825 1918 880 1982 hoe

99 2031 217 2093 gravem
226 2011 337 2092 culpam
350 2013 540 2084 commiserit,
553 2020 621 2070 tunc
632 2030 741 2089 semper
754 2022 878 2090 tenetur,

100 2110 189 2169 etiarn
206 2125 271 2166 curu
287 2109 365 2184 gravi
386 2103 587 2178 incommodo,
603 2107 736 2164 resarcire
756 2120 878 2164 errorem
933 2176 937 2185 ,

102 2203 157 2277 (et
176 2202 317 2280 precipue
339 2201 361 2259 si
383 2198 497 2278 reliquit
521 2199 709 2259 Poenitentem
729 2200 759 2259 in
782 2197 880 2278 aliqua

101 2295 248 2355 occasione
263 2294 412 2369 proxima)
426 2336 434 2362 ,
448 2295 504 2350 nisi
518 2293 664 2351 Poenitens
683 2291 745 2352 aliis
764 2292 880 2353 confes-

102 2407 152 2448 sus
168 2404 229 2447 non
243 2383 349 2453 luerit,
370 2393 419 2450 aut
435 2382 534 2441 saltem
549 2404 657 2444 sacram
672 2385 881 2445 Eucharistiarn

102 2481 266 2559 susceperit.
290 2477 330 2537 Ar
344 2479 405 2537 sine
420 2474 531 2536 licentia
545 2476 713 2535 Poenitentis
726 2495 880 2556 nunquam

103 2575 205 2648 debet,
227 2591 321 2652 neque
335 2579 427 2653 potest
441 2570 505 2630 lieri
524 2567 639 2652 prelata
660 2573 780 2630 monitio
799 2581 881 2633 extra

104 2666 341 2739 consessionem,
355 2667 590 2745 quotiescumque
604 2673 697 2746 posset
711 2663 752 2724 illi
762 2663 880 2747 aliquod

106 2761 204 2825 afferre
215 2779 378 2838 gravamen.
400 2759 431 2819 Si
445 2779 513 2820 vero
524 2778 599 2820 error
610 2759 694 2819 luerit
704 2759 795 2818 solum
807 2762 879 2819 circa

106 2842 295 2931 integritatem
307 2853 517 2922 consessionis,
532 2863 601 2932 puta
613 2855 678 2931 quia
690 2852 881 2910 l’oenitentern

107 2968 165 3009 non
178 2951 360 3025 interrogavit
373 2945 408 3006 de
423 2947 586 3024 speciebus,
610 2956 659 3005 aut
675 2962 794 3002 numero
811 2963 881 3023 pec-

142 3138 179 3197 (ι)
196 3129 251 3184 Lib.
264 3147 292 3184 n.
305 3137 346 3184 25·
359 3145 384 3186 r·
397 3125 484 3197 Quod.
588 3132 626 3194 (a)
645 3128 727 3182 Num.
741 3132 801 3197 trqr
