1956 3608
107 216 162 288 rto
320 228 430 273 enixus
451 225 657 273 conrnssrnu.

99 320 206 381 doloris
215 329 264 380 aut
274 323 418 400 propositi.
431 322 615 394 Econverso,
628 323 650 379 si
663 316 870 398 illesrequenter

102 424 131 474 et
147 416 208 473 sine
225 416 381 475 resistentia
400 416 430 473 in
449 412 615 492 hujusmodi
634 412 734 493 culpas
751 411 867 493 relapsus

101 507 154 579 sit,
167 514 306 565 tunccum
318 524 352 564 oo
360 503 504 584 agendum
514 515 652 586 tanquam
660 524 728 565 cum
738 502 869 575 recidivo,

101 599 180 672 juxta
195 595 270 657 dicta
284 616 321 658 err
335 619 421 658 num.
432 618 483 677 71.

144 711 210 751 roo.
232 690 316 751 Plura
337 694 453 770 insuper
465 691 513 751 bic
528 688 654 751 notanda
668 710 676 759 3
691 697 719 748 et
741 711 765 746 r.
779 696 871 748 caveat

100 781 321 857 Confessarins,
340 801 376 842 ne
388 782 432 842 his
445 783 651 842 Poenitentibus
665 779 871 861 spiritualibus,

100 880 255 958 prasertim
273 877 410 951 feminis,
435 873 725 957 probibeataocedere
740 873 778 935 ad
789 874 871 934 alium

100 971 313 1031 Confessarium
325 992 332 1039 ;
346 980 446 1030 etcum
456 969 587 1029 advertat
601 970 775 1043 accessisse,
789 977 872 1027 osten·

100 1062 149 1123 dat
159 1063 189 1120 id
201 1064 254 1123 sibi
265 1072 376 1139 gratum
393 1062 492 1121 luisse.
519 1063 583 1121 lmo
598 1064 666 1141 ipsis
681 1063 831 1140 imponat,
846 1066 872 1117 nt

99 1152 255 1239 aliquando
273 1153 351 1234 apud
370 1154 440 1215 alios
456 1155 668 1223 confiteantur3
686 1162 870 1234 preterquam

99 1249 121 1306 si
133 1250 199 1327 quis
209 1257 283 1307 esset
293 1245 377 1307 valde
390 1246 592 1325 scrupulosus,
607 1243 712 1324 dequo
723 1243 872 1324 prudenter

100 1343 220 1412 timeat,
242 1343 320 1399 nesi
343 1340 381 1400 ad
404 1340 493 1400 alium
512 1338 627 1401 accedat
647 1341 697 1418 qui
715 1341 780 1415 ejus
792 1354 874 1400 crins-

99 1432 231 1490 cientiam
251 1434 382 1506 ignorat,
400 1431 563 1491 notabiliter
574 1439 648 1490 esset
660 1427 874 1509 inquietandos.

98 1521 209 1581 Caveat
231 1523 335 1600 pariter
359 1521 582 1596 confessarius,
612 1540 650 1580 ne
674 1520 826 1582 sollicitum
847 1537 875 1578 se

98 1610 229 1672 ostendat
240 1632 270 1672 se
281 1610 356 1673 velle
366 1610 486 1691 alicujus
501 1616 605 1675 animae
619 1612 804 1673 directionem
817 1630 875 1674 sne·

98 1708 198 1786 cipere.
222 1729 252 1769 2.
275 1708 434 1788 Nunquam
453 1711 561 1789 absque
574 1709 741 1768 necessitate
755 1704 792 1765 de
807 1705 874 1766 alio·

98 1819 162 1859 rum
186 1801 431 1862 confessariorum
455 1800 612 1863 defectibus
640 1799 796 1880 loquatur,
826 1796 873 1858 sed

97 1892 192 1968 potius
206 1889 306 1950 sedulo
321 1901 430 1971 quaerat
449 1912 496 1952 eos
512 1894 551 1953 ab
566 1892 663 1971 aliquo
682 1911 774 1951 errore
796 1910 875 1951 corn-

99 1983 186 2039 misso
210 2000 354 2043 excusare.
384 1985 413 2045 3.
445 1985 636 2046 Directionem
657 2001 716 2042 rron
741 1984 875 2061 suscipiat

98 2072 218 2151 alicujus
239 2080 289 2156 qui
317 2076 379 2137 vult
401 2077 566 2138 directorem
589 2097 674 2136 suum
697 2076 876 2154 relinquere,

97 2170 152 2226 nisi
172 2168 248 2230 adsit
271 2191 372 2248 urgens
395 2191 500 2246 causa,
516 2183 547 2230 nt
562 2169 664 2231 docent
678 2170 711 2230 S.
727 2169 874 2250 Philippus

97 2259 227 2334 Nerius,
264 2262 296 2324 S.
323 2265 491 2324 Franciscus
523 2264 668 2338 Salesius,
695 2263 731 2322 S.
755 2262 873 2323 Carolus

99 2348 296 2433 Borromaeus,
322 2366 350 2416 et
370 2357 438 2428 alii3
461 2377 496 2418 ex
516 2357 570 2419 boc
587 2359 665 2416 enim
688 2374 763 2435 saepe
788 2354 873 2414 dissi·-

96 2449 256 2527 patitmes,
285 2455 509 2531 perturbationes
533 2462 562 2513 et
585 2449 760 2532 quandoque
788 2451 872 2509 etiam

97 2540 229 2603 scandala
251 2549 390 2607 oriuntur.
411 2547 626 2626 Advertatque,
647 2543 684 2604 ad
698 2543 871 2603 mutandum

97 2631 311 2696 confessarium
324 2680 334 2713 ,
347 2659 405 2699 non
419 2642 487 2699 satis
498 2660 559 2700 esse
573 2637 652 2720 quod
667 2637 811 2697 Poenitens
824 2636 872 2705 ali·

96 2745 183 2806 quam
208 2746 272 2806 erga
296 2751 362 2791 eum
389 2735 633 2794 abominationem
663 2734 794 2804 sentiat,
824 2728 869 2790 vel

96 2816 173 2897 quod
193 2818 327 2882 videntur
346 2826 441 2885 verbis
459 2828 548 2906 ipsius
566 2823 652 2883 fidem
671 2842 729 2880 norr
748 2823 870 2902 amplius

95 2905 200 2972 habere
214 2933 222 2983 ς
238 2924 269 2973 ut
282 2917 358 2975 enim
376 2919 415 2976 ait
430 2916 463 2976 S.
476 2915 635 2986 Theresia,
667 2932 741 2992 saepe
756 2913 817 2974 haec
830 2921 871 2972 est

96 2996 237 3064 daemonis
257 3010 385 3069 tentatio.
407 3006 492 3067 Unde
508 3007 540 3067 S.
564 3006 731 3067 Franciscus
745 3003 869 3063 Salesius

96 3092 135 3149 sic
146 3091 242 3154 docet:
262 3104 474 3183 Crinfissorius
486 3122 548 3165 noo
561 3098 868 3176 commutandae
