1956 3608
161 206 200 277 42
384 217 490 263 aunxis
508 216 712 259 consessurum.

161 309 198 371 ab
213 306 275 368 aliis
297 306 459 367 auctoribus
477 324 536 365 non
558 303 737 378 discussum,
761 304 843 367 reteri
862 306 935 369 illud

160 401 206 464 hic
227 400 264 461 ad
289 403 427 461 trutinam
450 419 599 475 revocare,
623 411 656 461 ut
673 399 775 462 clarius
793 401 958 481 patefiat,-

161 505 250 575 utque
273 497 426 574 prasertim
445 493 531 555 alicui
552 513 697 573 anonymo
713 494 934 575 respondeatur,

161 589 211 667 qui
230 589 259 645 in
284 584 412 665 quadarn
437 606 488 647 sua
512 585 630 666 epistola
649 585 720 649 mihi
738 586 936 662 contradixit,

160 679 257 759 aliqua
272 682 421 758 objiciens.

201 775 274 836 Dico
290 786 387 836 autem
408 773 636 835 maledictionem
658 785 872 850 mortuorum,
887 794 936 856 per

161 886 192 927 se
202 865 363 948 loquendo,
376 887 436 928 non
446 886 508 928 esse
517 866 725 947 blasphemiam
735 909 746 941 ,
758 886 855 946 neque
866 870 897 928 in
906 886 936 929 se

160 980 254 1042 neque
268 981 303 1023 ex
320 962 456 1021 relatione
468 961 581 1021 illomm
596 964 645 1039 qui
661 980 725 1021 eam
740 963 936 1040 pronuntiant.

159 1055 227 1115 Non
241 1065 284 1115 est
298 1058 328 1114 in
343 1074 392 1131 se,
417 1057 485 1134 quia
502 1074 577 1128 vox,
601 1053 716 1115 neortui
732 1095 742 1126 ,
766 1057 880 1136 proprie
895 1064 937 1117 est

160 1151 300 1212 terminus
312 1151 497 1225 privativus,
512 1151 563 1229 qui
576 1148 708 1209 homines
722 1149 864 1226 significat
877 1153 935 1213 vita

160 1242 295 1318 functos,
313 1262 391 1304 nnnc
405 1241 531 1322 amplius
544 1262 602 1302 non
617 1244 770 1303 existentes
783 1264 792 1315 ς
806 1246 876 1304 etin
889 1245 936 1307 tali

161 1339 306 1416 supposito
320 1336 441 1395 verbum
457 1334 634 1399 memineo
644 1335 772 1395 animam
785 1376 795 1405 ,
807 1354 861 1397 nec
876 1355 936 1398 cor·

160 1451 214 1512 pus
229 1433 371 1511 importat.
393 1430 615 1508 Quamobrem,
637 1428 781 1508 loquendo
796 1431 827 1489 in
844 1429 937 1510 philo·

160 1525 275 1606 sophioo
289 1527 397 1603 rigore,
423 1525 473 1603 qui
494 1525 613 1584 mortuis
636 1521 805 1600 maledicit,
827 1526 936 1585 nemini

160 1621 296 1696 injuriam
312 1620 436 1696 irrogat,
456 1617 526 1678 dum
542 1638 601 1683 rem
618 1616 781 1695 maledicit,
796 1638 862 1698 quae
873 1638 937 1681 arn-

161 1713 235 1794 plius
250 1733 309 1774 non
325 1716 431 1774 existit.
925 1722 928 1727 “

201 1814 285 1878 Dicet
306 1813 432 1891 aliquis:
452 1809 501 1870 sed
525 1809 573 1872 hic
597 1832 654 1871 vox
671 1811 786 1875 mortui
801 1815 937 1894 accipitur

160 1926 219 1967 non
247 1917 279 1966 ut
301 1906 440 1966 terminus
464 1905 645 1981 privativus,
671 1903 721 1964 sed
742 1915 775 1965 ut
799 1911 937 1969 terminus

159 2001 329 2080 antilogus,
348 2001 401 2078 qui
419 2000 552 2077 utrique,
572 2007 631 2058 tam
648 2002 752 2061 animae
765 2019 854 2079 quant
869 2022 937 2062 cor-

161 2097 220 2174 pori
246 2093 341 2154 rclerri
366 2103 466 2173 potest.
490 2092 659 2171 Respondeo
682 2082 794 2174 primo,
811 2094 891 2174 quod
912 2099 938 2156 is

160 2187 211 2267 qui
225 2187 279 2247 hoc
292 2185 382 2257 dicit,
400 2185 524 2265 loquitur
539 2189 597 2261 jam
611 2185 647 2245 de
661 2188 799 2248 relatione
811 2191 937 2260 mentis3

161 2279 210 2338 sed
228 2299 279 2356 ego
294 2278 393 2358 loquor
407 2277 444 2336 de
456 2298 490 2338 eo
503 2277 582 2357 quod
595 2280 715 2340 verbum
731 2283 847 2341 mortui
860 2283 891 2342 in
906 2302 937 2345 so

161 2377 304 2453 importat.
318 2370 376 2433 Sed
386 2371 481 2434 adhuc
490 2371 571 2432 illum
584 2371 726 2434 sumendo
738 2377 935 2439 utterminum

160 2469 342 2546 analogum,
359 2464 515 2546 respondeo
531 2465 679 2539 secundo,
702 2464 780 2546 quud
796 2469 854 2551 sub·
867 2488 937 2532 voce

160 2561 275 2622 mortui
297 2559 516 2640 principaliter,
545 2569 574 2619 et
594 2562 625 2620 in
649 2574 732 2621 recto
757 2565 814 2627 (ut
836 2560 936 2625 dicunt

161 2653 345 2733 Philosophi)
356 2654 450 2715 solum
462 2656 542 2714 venit
553 2653 751 2735 corpus,quod
759 2655 852 2717 solum
861 2678 937 2720 mor*

161 2758 243 2808 tuum
269 2745 325 2808 dici
349 2757 462 2828 potest,
489 2769 556 2808 curn
580 2750 675 2810 anima
701 2751 872 2814 immortalis
888 2756 935 2815 sit.

159 2843 312 2902 Duntaxat
327 2843 359 2901 in
380 2844 501 2921 obliquo
518 2845 615 2902 anima
630 2845 709 2922 queit
726 2842 870 2907 intellecta
885 2866 935 2909 ue·

160 2939 242 3007 nire,
261 2954 364 3014 nempe
386 2939 483 2994 anima
505 2937 628 3007 mortui,
647 2955 680 2994 eo
692 2935 771 3016 quod
786 2938 853 2999 olim
871 2942 932 3021 ipsa

160 3027 249 3086 hiuma
266 3026 317 3084 lirit
333 3029 454 3106 corporis
470 3025 565 3101 illius,
584 3028 629 3087 cui
644 3029 734 3086 vitam
751 3030 880 3107 praebuit.
895 3032 934 3095 at

159 3119 305 3199 supposito
314 3119 393 3198 quod
406 3140 462 3180 vox
473 3136 612 3183 mortuus
621 3120 813 3202 principaliter
820 3127 934 3205 respicit
