1956 3608
238 200 264 273 §.
280 218 313 259 11.
334 212 421 260 crnct
433 218 543 261 munior
561 216 720 263 numerum.
823 229 861 267 ιι

91 309 187 368 ciscus
203 307 328 368 Salesins
347 314 409 380 (r)
427 329 562 370 nonense
575 311 752 386 gravandum
768 313 866 372 Pteni-

94 409 204 461 tentem
213 400 310 460 multis
320 402 404 460 rebus
415 443 425 475 ,
437 422 474 460 ne
483 401 686 480 contundatur,
696 413 724 463 et
731 405 866 464 terreliat.

145 493 189 553 15.
208 492 377 553 Sermonem
400 505 495 554 autem
516 495 643 556 facturus
670 496 706 556 de
733 496 866 556 remediis

17 632 20 641 .
94 605 161 665 quae
176 588 312 649 insinuari
330 587 436 647 debent
455 590 684 667 Poeniteutibus,
702 589 785 665 dico,
808 591 865 652 alia

93 696 157 739 esse
170 680 330 757 generalia,
348 680 403 741 alia
418 681 597 760 particularia
615 684 778 763 proaliquo
796 687 866 744 vitio

93 773 267 847 particulari.
280 774 432 833 Generalia
443 776 593 848 ,omuibus
603 775 788 848 insinuanda,
798 784 867 836 sunt

97 868 144 921 r.⁰
158 864 247 923 Amor
260 882 325 938 erga
342 863 458 936 Deum,
474 883 541 922 curu
556 868 616 941 ipse
631 864 757 925 adhunc
773 866 865 926 solum

93 953 185 1014 finem
200 972 253 1012 nos
266 942 468 1031 creaveritjlit
480 962 593 1014 curetur
606 958 710 1034 pariter
722 965 754 1015 ut
770 956 867 1015 Pteni-

95 1053 161 1103 tens
175 1053 323 1120 cognoscat
339 1063 437 1123 pacem
455 1046 616 1106 interiorem
643 1067 700 1125 qua
723 1045 867 1107 donantur

93 1136 145 1215 qui
168 1134 221 1194 Dei
241 1136 366 1197 amicitia
386 1135 540 1211 fruuntur,
564 1147 593 1195 et
614 1138 759 1197 iul'emum
778 1157 865 1218 quem

92 1235 163 1286 ante
176 1236 289 1305 tempus
301 1228 485 1304 experiuntur
500 1228 549 1305 qui
561 1227 647 1287 alieni
661 1236 728 1286 sunt
748 1233 765 1287 a
782 1229 865 1304 Deo,

94 1313 194 1376 addita
221 1319 342 1396 pernicie
370 1317 515 1397 temporali
543 1337 631 1398 quam
656 1338 753 1379 secum
780 1319 867 1379 trahit

94 1415 261 1487 peccatum
281 1414 328 1467 αὖ)
345 1425 418 1488 saepe
432 1427 464 1467 se
476 1408 677 1470 commendare
688 1411 783 1471 Beate
796 1411 866 1471 Vir·
950 1478 958 1485 ,

93 1503 174 1580 gini,
193 1502 345 1562 Rosarium
361 1503 524 1576 recitando,
543 1523 572 1563 se
587 1502 789 1564 commendare
803 1504 866 1585 An,-
912 1556 916 1562 .

93 1596 156 1676 gelo
170 1596 312 1671 Custodi,
334 1606 362 1656 et
378 1596 463 1659 alicui
485 1597 590 1658 Sancto
605 1599 738 1677 peculiari
755 1610 866 1678 protec-

94 1693 169 1765 tun';
186 1694 234 1755 ΒΡ
257 1690 415 1772 frequentia
433 1690 702 1766 Sacramentorum,
722 1703 749 1750 et
771 1694 793 1750 si
812 1712 866 1751 un·

93 1803 183 1864 quem
207 1786 238 1845 in
260 1782 377 1862 aliquod
401 1795 547 1863 peccatum
571 1784 688 1844 mortale
713 1782 866 1861 inciderit,

94 1878 194 1952 statim
215 1894 246 1934 se
267 1875 393 1935 confiteri
414 1895 422 1944 ;
447 1881 493 1946 l·⁰
516 1877 669 1935 veritatum
694 1885 865 1936 aeternarum

94 1966 300 2043 consideratio,
316 1976 345 2027 et
358 1986 415 2045 prae
429 1969 536 2027 caeteris
548 1967 735 2028 consideratio
747 1972 844 2029 mortis
857 1990 865 2040 ς

96 2071 128 2120 et
150 2063 275 2139 patribus
297 2060 422 2120 familias
446 2059 619 2121 insinuanda
633 2070 676 2121 est
699 2061 865 2143 quotidiana
939 2058 943 2067 ’

95 2153 229 2215 mentalis
250 2156 338 2218 oratio
361 2156 392 2212 in
413 2157 559 2215 communi
574 2174 640 2214 cum
663 2153 793 2228 familia,
816 2165 867 2216 aut
931 2207 934 2212 .

96 2243 197 2308 saltem
214 2249 366 2314 Rosarium
382 2267 442 2310 una
461 2269 528 2308 cum
543 2248 633 2318 filiis;
659 2248 706 2306 5.⁰
720 2246 775 2306 Dei
791 2270 867 2328 prar-

95 2344 187 2401 sentia
204 2362 270 2402 cum
286 2350 366 2418 urget
378 2345 519 2415 tentatio,
542 2339 662 2399 dicendo
682 2361 690 2398 ε
719 2344 804 2403 Deus
817 2366 865 2405 me

95 2438 193 2507 videm
208 2438 255 2497 6.⁰
265 2436 392 2515 quolibet
403 2437 511 2514 vesperi
525 2437 725 2496 conscientiam
736 2441 866 2513 scrutari,

47 2564 50 2570 ·
96 2549 163 2590 cum
178 2531 267 2593 animi
280 2528 376 2590 dolore
389 2538 417 2593 et
430 2530 572 2608 proposito
584 2548 592 2599 3
616 2533 661 2605 7.⁰
674 2527 865 2608 secularibus,

96 2625 172 2684 utin
189 2621 284 2701 aliqua
299 2626 512 2701 congregatione
526 2643 557 2682 se
569 2622 751 2699 adscribant,
765 2635 794 2684 et
807 2625 866 2685 Sa·

95 2713 256 2777 cerdotihus
266 2717 354 2777 oratio
369 2714 517 2790 mentalis,
533 2723 560 2774 et
574 2716 726 2792 gratiarum
741 2719 866 2776 actiones

96 2817 161 2886 post
177 2808 322 2894 Missam,
345 2817 374 2868 et
397 2818 429 2868 ut
453 2808 597 2888 perlegant
617 2807 717 2868 saltem
738 2807 867 2886 aliquem

96 2900 224 2967 libellum
239 2901 414 2982 spiritualem
427 2912 495 2966 aute
508 2913 537 2971 et
550 2911 613 2983 post
626 2903 757 2963 Missam.

130 3107 170 3170 (ι)
187 3101 471 3161 insurrecturum.
483 3107 507 3157 8.
