1956 3608
160 197 200 269 44
313 220 316 227 ’
378 210 484 252 araxis
509 207 752 250 concessamu-

198 294 376 376 Respoudeo.
401 297 459 373 Ego
474 315 533 355 non
548 294 611 355 dico
624 292 701 373 qnod
717 303 852 354 mortuos
870 309 942 351 ma-

157 390 281 451 ledicens
295 409 342 448 eos
356 389 515 449 considerat
532 399 669 467 tauquam
689 388 864 458 abstractos,
884 387 944 445 sci·

157 484 222 545 licet
244 493 383 562 tanquam
408 484 513 542 lormas
536 485 596 541 sine
621 483 772 556 subject03
797 477 847 538 sed
872 477 941 539 dico

158 573 236 652 quod
250 573 437 653 praescindita
453 572 665 636 considerandis
680 582 857 632 mortuorum
872 572 943 630 ani-

156 669 259 727 mabus
270 710 279 743 ,
290 688 355 748 quaa
366 688 444 730 nunc
453 670 590 727 existunt.
600 664 686 725 Aliud
700 675 742 724 est
753 662 939 742 abstrahere,

157 760 234 840 quod
250 771 292 822 est
307 761 484 822 considerare
497 761 624 840 aliquam
641 759 762 819 formam
782 761 843 816 sine
858 759 939 818 sub-

157 858 252 932 jecto:
272 853 350 917 aliud
364 855 568 936 praescindere,
593 853 671 934 quod
692 863 737 913 est
756 851 942 913 considerare

157 949 304 1030 quoddam
325 953 514 1026 subjectum,
533 951 679 1029 precisum
700 949 736 1007 ab
758 947 853 1025 aliqua
877 949 940 1008 cir-

156 1048 328 1105 cumstantia
353 1054 404 1105 aut
430 1044 595 1124 qualitate,
626 1063 682 1122 qua
706 1045 804 1120 respici
832 1029 936 1120 potest.

157 1137 275 1197 Certum
287 1146 332 1197 est
354 1135 484 1196 homines
507 1138 566 1196 vita
590 1136 702 1196 functos
722 1155 800 1195 nunc
818 1134 936 1196 eosdem

156 1250 215 1290 non
229 1249 315 1305 esse,
338 1235 388 1311 qui
405 1231 530 1291 vivendo
545 1231 670 1291 luerunt.
689 1233 777 1290 Tunc
793 1237 833 1290 tot
849 1241 936 1292 erant

156 1345 282 1405 personae
293 1329 390 1385 anima
403 1336 431 1386 et
444 1346 558 1406 corpore
572 1327 732 1402 conjunctis
746 1321 909 1404 compositae
923 1347 932 1386 r

156 1438 235 1480 nunc
249 1439 315 1481 vero
326 1440 423 1480 eorum
440 1424 544 1482 animae
558 1429 586 1480 et
599 1440 712 1500 corpora
728 1422 855 1481 existunt
867 1422 937 1501 qui-¹

156 1510 238 1588 dem,
268 1513 318 1572 sed
331 1512 474 1590 disjuncta
492 1517 628 1575 existunt.
650 1516 847 1595 Quapropter,
865 1535 933 1577 cum

155 1608 271 1667 mortui
287 1607 516 1685 maledicuntur,
531 1630 589 1670 non
601 1609 665 1670 ideo
678 1611 837 1671 necessario
851 1610 933 1690 ipso-

161 1718 225 1759 rum
252 1703 356 1760 anime
376 1701 532 1762 maledictae
547 1708 692 1778 veniunt,
714 1704 769 1762 uisi
787 1723 854 1764 cum
874 1703 933 1766 illa

156 1792 311 1872 specialiter
324 1798 541 1874 exprimuntur,
562 1796 608 1856 vel
623 1795 831 1874 intelliguntur.

195 1883 253 1945 se‘d
263 1885 500 1968 deniqueauctori
509 1889 633 1970 epistole
641 1890 841 1962 concedamus,
851 1889 931 1968 quod

155 1981 216 2058 ipse
225 2001 371 2057 aggressus
382 1992 423 2061 est
434 1986 589 2058 sustinere,
605 1987 742 2044 nimirum
753 1981 830 2062 quod
844 2003 929 2042 mor-

155 2074 212 2132 tuis
236 2075 402 2137 maledicere
423 2077 500 2137 idem
521 2080 579 2152 sit,
599 2099 685 2158 quam
704 2080 745 2136 eis
761 2074 930 2136 maledicere

156 2186 188 2226 ac
202 2169 225 2225 si
241 2171 370 2237 viventes
383 2181 487 2230 essent.
501 2173 629 2249 Quaero:
644 2190 708 2248 ergo
718 2171 768 2249 qui
781 2168 929 2230 hominem

155 2260 257 2318 vivum
281 2260 446 2336 maledicit,
476 2283 624 2344 semperne
645 2262 786 2323 lethaliter
806 2262 928 2342 peccat?

156 2351 266 2413 Omnes
291 2355 360 2416 DD.
383 2360 486 2433 aiunt,
512 2360 629 2438 Caper,
651 2361 760 2430 Solus,
784 2358 928 2432 lllolina,

157 2445 289 2520 Gradu,
314 2447 427 2524 Azor,
452 2455 562 2532 Lago,
588 2450 676 2511 etalii
692 2469 758 2510 cum
772 2449 927 2510 Sannum.

154 2535 193 2596 de
208 2539 311 2599 flectit.
326 2563 393 2620 cap.
409 2546 446 2621 4,
460 2567 493 2603 n.
509 2565 546 2624 ²7
561 2546 640 2607 etad
654 2563 689 2604 ex
705 2543 743 2602 D.
755 2541 871 2602 Thoma
886 2565 926 2618 2,

154 2649 173 2686 2
182 2669 192 2701 r
201 2650 231 2706 q·
246 2630 286 2706 76
297 2642 327 2693 α.
339 2636 378 2708 3,
393 2645 453 2696 tum
463 2637 689 2699 maledictionem
700 2640 729 2696 in
742 2638 921 2716 proximum,

154 2732 301 2800 peccatum
324 2746 384 2787 esse
404 2730 538 2807 mortale,
558 2752 623 2792 cum
638 2735 699 2810 ipsa
713 2739 756 2790 est
773 2729 925 2804 lormalis,

154 2815 258 2877 scilieet
277 2822 336 2887 <ut
356 2823 479 2903 explicat
501 2826 697 2901 Cajetunus)
716 2843 781 2885 curu
799 2826 927 2902 proximo

154 2919 267 2987 optatur
280 2911 419 2977 damnum
431 2960 439 2992 ,
460 2929 488 2979 et
503 2918 643 2979 damnum
656 2938 763 2997 grave,
780 2915 858 2996 quod
872 2918 927 2978 ali-

154 3005 218 3079 quis
233 3005 272 3064 illi
286 3009 471 3089 imprecatum
487 3034 546 3074 non
558 3033 625 3074 vero
636 3034 702 3074 cum
715 3009 873 3072 maledictio
884 3020 927 3071 est
946 3084 950 3089 .

153 3101 266 3157 tautum
278 3104 448 3183 materialis,
462 3127 566 3190 nempe
580 3111 642 3168 sine
652 3128 741 3189 pravo
752 3106 849 3167 animo
860 3124 926 3186 pro-
