1956 3608
44 290 57 305 ,
124 227 178 290 128
335 242 440 285 arnis
461 240 665 283 courrssrrrr.

118 332 148 396 5.
159 333 202 393 An
214 330 329 413 aliquod
338 342 418 412 turpe
427 341 572 411 peccatum
584 333 758 412 patraverint
768 331 781 390 l
792 331 850 393 Sed
858 336 888 392 in

114 423 168 485 trac
185 426 300 484 materia
317 421 514 482 confessarius
528 426 564 483 sit
578 423 664 483 valde
678 433 780 484 cautus
794 427 824 484 in
839 427 888 484 iu·

115 516 601 597 terrogando:incipiatinterrogare
609 517 644 576 de
654 517 887 594 longe,etverbis

114 610 292 690 generalibus
303 633 310 671 ε
322 621 350 670 et
362 615 439 692 prius
448 631 486 671 an
499 609 622 671 dixerint
633 612 705 671 mala
721 613 806 672 verba
821 611 834 672 i
848 631 885 672 an

110 703 195 783 jocati
208 704 314 767 luerint
327 725 392 767 cnm
408 704 470 765 aliis
483 708 592 784 pneris,
610 715 659 765 aut
674 704 800 785 puellis?
816 715 845 766 et
861 707 884 767 si

109 802 188 879 jocos
196 799 259 860 illos
269 799 343 861 clam
352 798 550 873 exercuerint?
562 786 673 859 Deinde'
684 802 836 878 interroget
846 819 883 860 an

110 895 303 955 commiserint
316 912 360 953 res
371 891 488 973 turpes?
501 892 664 966 Multoties,
679 895 791 952 etiamsi
806 895 881 973 pueri

111 996 239 1065 negent,
270 985 382 1066 prodest
406 989 534 1045 uticum
559 988 599 1045 eis
618 989 881 1064 interrogationibus

107 1083 295 1158 suggestivis,
316 1080 395 1138 verbi
421 1081 508 1156 gratia
529 1100 537 1136 :
563 1080 605 1139 Et
617 1103 700 1141 nuuc
715 1083 766 1142 elic
783 1082 861 1143 milri
872 1125 880 1159 ,

107 1175 223 1251 quoties
234 1175 303 1233 lroec
310 1167 439 1252 fecisti!
455 1172 641 1250 Quinquies,
656 1175 754 1235 decies
768 1176 879 1235 ilnter·

109 1279 206 1345 roget,
221 1289 286 1328 curn
298 1288 356 1346 quo
367 1265 528 1339 dormiant,
542 1269 608 1325 etsi
622 1266 735 1329 inlecto
749 1271 878 1330 manibus

105 1361 188 1437 jocati
214 1358 348 1418 fuerint?
370 1357 482 1416 Puellas
510 1359 682 1434 interroget,
708 1361 732 1418 si
756 1360 878 1441 aliquem

106 1449 241 1529 juvenem
264 1470 360 1510 amore
376 1449 480 1509 luerint
497 1461 671 1528 prosecutae,
694 1463 721 1513 et
738 1473 776 1515 an
791 1458 815 1514 si
829 1452 878 1515 ad·

104 1546 209 1604 fuerint
228 1563 323 1623 pravae
345 1546 548 1622 cogitationes,
566 1546 675 1620 verba,
696 1558 747 1607 aut
763 1547 877 1609 tactus?

107 1638 142 1696 Et
160 1658 176 1696 a
194 1639 333 1718 responsis
351 1636 483 1718 procedat
504 1637 541 1698 ad
565 1637 709 1699 ulteriores
725 1645 878 1721 interroga·

109 1734 198 1792 tiones
212 1754 219 1791 ε
240 1731 289 1792 sed
303 1741 403 1793 caveat
417 1733 455 1791 ab
467 1731 645 1810 exquirendo
658 1754 674 1793 a
690 1734 813 1812 puellis,
833 1735 876 1798 vel

105 1847 120 1886 a
139 1829 253 1908 pueris,
281 1846 317 1885 an
336 1823 458 1884 adfuerit
473 1827 590 1884 seminis
605 1825 705 1886 effusio
721 1847 729 1897 ;
751 1850 818 1890 cum
835 1830 876 1890 lris

105 1924 181 1981 eninr
205 1916 306 1985 melius
328 1928 372 1979 est
393 1916 490 1980 deesse
510 1921 540 1980 in
559 1921 718 1998 integritate
739 1923 876 1985 materiali

105 2012 298 2075 Coulessionis
308 2054 319 2086 ,
331 2031 419 2092 quam
430 2031 491 2070 esse
500 2031 614 2072 causam
624 2022 655 2071 ut
663 2012 876 2092 apprehendant

105 2127 169 2187 qnae
184 2105 312 2165 nondum
329 2107 476 2177 noverint,
495 2103 541 2163 vel
556 2114 700 2183 ponantur
713 2107 742 2163 in
757 2109 875 2167 curiosi-

104 2209 163 2258 rate
178 2194 351 2256 addiscendi.
372 2195 562 2272 Interrogetur
572 2198 657 2254 etiam
672 2216 687 2254 a
703 2200 818 2275 pueris,
838 2219 873 2259 an

103 2291 248 2352 attulerint
261 2291 362 2348 nuntia
386 2287 431 2348 vel
453 2287 528 2349 dona
544 2291 668 2352 viromm
684 2292 874 2354 mulieribus?

104 2387 142 2446 Et
158 2382 280 2466 puellis,
302 2402 338 2443 au
360 2385 518 2463 acceperint
535 2381 608 2441 dona
630 2403 646 2441 e
666 2385 793 2460 personis
810 2403 874 2445 sus·

104 2483 214 2562 pectis,
241 2497 345 2558 nempe
377 2479 553 2555 conjugatis,
584 2472 799 2553 ecclesiasticis,
825 2486 874 2539 aut

103 2572 261 2651 religiosis?
276 2574 305 2632 6.
320 2573 474 2648 Interroget
488 2589 526 2629 an
540 2570 732 2629 commiserint
747 2570 874 2646 furtum,

101 2667 148 2729 vel
163 2687 201 2726 an
216 2665 355 2725 domnum
374 2663 520 2724 attulerint
537 2661 648 2743 prediis
665 2661 785 2741 alienis,
811 2667 873 2727 bes·

101 2765 166 2836 tiis,
184 2770 235 2821 aut
255 2758 311 2820 alio
333 2756 418 2818 modo
433 2756 446 2816 i
463 2777 492 2836 7.
512 2756 558 2816 An
573 2756 657 2816 alicui
671 2754 872 2819 detraxerint?

101 2863 132 2922 8.
144 2858 225 2919 Circa
241 2863 376 2934 precepta
391 2850 520 2912 Ecclesiae
535 2852 706 2926 interroget,
721 2871 758 2909 an
772 2852 871 2932 imple·

100 2957 193 3017 verint
209 2949 423 3010 confessionem
439 2955 467 3004 et
489 2945 730 3004 Communionenr
748 2944 871 3009 Pascha-

99 3047 156 3115 lem
177 3046 190 3104 i
215 3047 250 3104 Et
275 3065 312 3104 an
337 3060 436 3105 carnes
459 3050 510 3103 aut
532 3039 671 3102 lacticinia
697 3037 870 3106 comederint

95 3136 199 3200 dicbus
216 3136 309 3200 vetitis
321 3135 334 3197 i'
778 3160 780 3164 ⁷
