1956 3608
214 207 241 281 §.
256 226 290 266 11.
306 225 480 267 nontraao
491 221 654 266 rinoceros.
767 210 820 281 ²4¹

47 326 103 377 ant
118 334 210 377 ranas
232 315 447 388 observantias,
470 331 534 393 quae
552 315 581 371 in
595 331 650 372 usu
665 318 732 371 sunt
749 309 828 390 apud

49 411 164 488 plures,
188 409 329 470 adfinem
347 409 454 468 morbis
471 407 623 483 medendi,
640 415 691 466 aut
706 405 829 466 latrones

49 505 243 584 dignosoendi.

90 619 161 657 211.
182 597 274 659 Instet
289 597 319 655 8.
337 597 368 653 in
385 603 534 674 parentes,
556 600 587 651 ut
604 591 678 651 filios
690 588 830 653 animad-

50 701 180 766 vertant,
198 693 337 772 praecipue
352 708 417 751 cum
430 696 498 747 sunt
514 688 614 767 pueri,
629 695 698 746 tune
710 686 827 765 quando

48 782 271 862 blasphemant,
287 791 337 842 aot
352 781 497 854 iurantur,
519 788 572 838 etc.
595 779 689 852 item,
706 786 739 837 nt
752 779 828 836 invi-

48 877 137 956 gilent
168 876 205 937 ad
233 875 445 937 observandum
473 886 502 934 et
530 871 736 953 inquirendum
762 890 831 932 curn

49 972 159 1050 quibus
174 970 215 1028 illi
232 980 382 1029 versantur
399 990 407 1040 ;
427 980 454 1029 et
471 967 640 1029 interdicant
658 987 705 1026 eos
721 966 831 1026 versari

48 1085 117 1125 cum
133 1065 229 1142 pravis
239 1067 338 1138 sociis,
358 1074 386 1123 et
399 1085 463 1124 cum
481 1067 609 1143 personis
623 1062 727 1121 diversi
737 1080 833 1121 sexus.

48 1157 144 1228 Item,
170 1165 202 1215 ut
221 1155 294 1217 filios
317 1177 376 1214 non
398 1157 553 1215 admittant
572 1154 722 1213 iniectum
743 1172 833 1213 suunt·

48 1245 201 1307 cubandos
214 1268 222 1314 ;
239 1257 289 1305 aut
298 1250 376 1303 enim
387 1256 454 1304 sunt
465 1248 552 1304 nimis
564 1245 694 1324 parvuli,
710 1255 737 1304 et
749 1248 832 1305 time·

48 1351 97 1401 tur
108 1360 147 1397 ne
158 1339 199 1395 illi
211 1337 384 1399 suffooentur
399 1360 406 1410 ;
420 1351 470 1400 aut
480 1339 646 1418 grandiores
658 1384 668 1414 ,
682 1351 713 1400 ut
727 1343 750 1398 si
763 1360 831 1401 sex-

50 1446 116 1495 tum
134 1453 243 1492 annum
262 1437 319 1509 jam
337 1440 525 1510 excesserint,
547 1448 574 1497 et
594 1440 710 1498 timetur
724 1456 761 1495 ne
775 1436 833 1497 illis

50 1527 171 1607 aliquod
196 1531 353 1607 praebeatur
378 1531 555 1592 scandalum.
583 1535 617 1592 Et
639 1536 831 1594 tantominus

50 1626 221 1705 permittant
235 1622 320 1682 simul
336 1620 458 1682 dormire
474 1645 575 1703 pueros
595 1634 623 1685 et
648 1627 765 1704 puellas.

92 1741 164 1779 212.
188 1718 307 1776 Moneat
321 1736 350 1796 9.
369 1720 471 1793 jugiter
490 1739 557 1777 snos
577 1717 780 1797 parochianos,
798 1734 832 1783 ut

50 1818 179 1873 internas
201 1815 370 1871 tentationes
404 1815 571 1892 (precipue
591 1824 686 1876 contra
713 1821 831 1879 rastita-

50 1914 138 1978 tem>
164 1915 321 1984 superent,
345 1907 504 1966 invocando
519 1913 635 1970 nomina
652 1915 830 1976 sanctissima

50 2002 122 2063 lesu
139 2010 167 2058 et
186 2000 310 2067 Mariae;
331 1999 384 2060 hoc
399 2002 474 2059 enim
494 2012 537 2061 est
555 2007 715 2066 martimum
731 2019 830 2068 contra

48 2095 223 2158 tentationes
236 2091 403 2155 remedium.

10 2210 13 2219 ·
35 2226 40 2235 ·
91 2187 163 2246 213.
186 2186 305 2246 Moneat
327 2206 371 2246 ro.
386 2191 488 2266 jugiter
498 2211 634 2273 qnoque,
651 2210 702 2279 ot,
724 2207 747 2264 si
765 2214 830 2288 qui,

49 2286 81 2342 in
99 2289 245 2360 peccatum
262 2280 380 2337 mortale
397 2281 531 2357 labatur,
544 2292 641 2349 statim
656 2313 686 2353 se
702 2310 829 2366 conterat
844 2290 853 2299 ’

51 2396 118 2437 cnm
135 2375 277 2453 proposito
292 2376 462 2450 quantocius
474 2379 649 2458 confitendi,
672 2407 730 2466 quo
740 2400 828 2454 amis.

51 2491 115 2531 sam
124 2474 244 2548 gratiam
255 2479 397 2548 recuperet
408 2488 417 2539 ς
428 2468 538 2532 ethanc
548 2472 686 2540 demonis
696 2485 826 2556 fraudem

50 2567 89 2627 ab
106 2568 146 2625 eis
161 2567 278 2644 eripiat,
298 2563 359 2622 Deo
374 2563 449 2624 idern
463 2585 542 2644 esse,
557 2589 648 2634 onom
664 2596 751 2658 quarn
766 2585 826 2654 dus

50 2671 164 2742 peecata
183 2661 343 2727 remittere;
364 2678 432 2718 nam
452 2673 541 2738 potest
563 2672 723 2752 contingere
746 2686 825 2761 quod

50 2757 133 2815 Deus
147 2766 210 2834 post
224 2773 315 2813 onum
332 2752 477 2833 peccatum
492 2757 529 2818 ad
545 2769 742 2840 poenitentiarn
757 2795 826 2837 exs-

49 2857 163 2931 pectet,
180 2857 242 2925 post
258 2846 414 2909 seeundum
433 2869 500 2911 vero
514 2873 561 2912 eos
575 2855 764 2941 derelinquat.

91 2947 162 3017 214·
183 2943 291 3001 Doceat
323 2970 369 3005 rr.
397 2954 476 3005 actus
505 2950 535 3005 in
565 2953 670 3029 quibos
700 2963 824 3044 quisque

50 3061 160 3114 mane,
178 3035 243 3109 die,
264 3045 290 3095 et
304 3055 420 3115 vespere
435 3057 465 3096 se
481 3057 607 3105 exercere
624 3045 727 3125 debet3
745 3067 773 3118 et
793 3074 824 3122 ot

49 3138 103 3198 hos
118 3138 148 3194 in
163 3141 295 3213 promptu
309 3130 432 3208 habeat,
446 3133 569 3199 breviter
582 3139 648 3204 illos
658 3143 711 3206 ltie
723 3145 838 3213 desert-
