1956 3608
242 237 268 310 §.
285 255 329 298 rv.
349 252 436 296 crocu
451 254 566 298 soorcrs
582 254 741 297 ormcrorr.
838 257 875 321 ῃ

107 347 192 406 etiam
209 348 304 425 pueris
319 350 368 427 qui
384 346 421 408 ad
439 356 549 407 annum
568 349 750 428 pervenerint
765 345 879 408 duode-

106 442 210 502 cimum
223 484 233 512 ‚
247 441 456 502 Eucharistiam
468 443 648 514 ministrare,
659 450 687 501 et
698 441 772 503 cur?
787 451 820 502 ut
832 445 880 501 in-

104 533 286 623 commodum
301 534 438 613 effugiant
459 535 521 594 illos
540 535 710 596 instruendi.
736 541 767 599 8.
783 537 878 597 Inter·

105 626 181 708 roget
188 629 305 705 sedulo,
317 651 353 691 an
366 631 466 705 tacite,
481 640 509 690 et
519 633 555 690 ob
566 631 708 691 humanos
720 642 876 712 respectus,
931 707 934 714 Ι

103 728 297 785 attestationes
309 729 338 786 in
350 728 461 806 scriptis
475 724 584 785 dederit
594 724 758 802 initiandis,
778 747 878 787 neccs-

102 821 190 880 sarias
207 829 240 879 ut
257 819 297 879 iiii
317 821 425 898 possint
448 818 561 879 ordines
583 820 752 899 suscipere?
772 821 802 878 in
822 820 876 883 hoc

101 914 176 973 enim
191 923 302 993 oportet
317 912 393 991 quod
409 911 546 988 Parochi,
568 932 626 972 non
642 912 700 972 sola
715 914 813 972 notitia
826 932 877 973 ne·

100 1009 194 1083 gativa
209 1009 267 1065 sint
278 990 430 1080 contenti,
448 1027 514 1067 cum
533 1004 657 1067 debeant
677 1005 782 1066 habere
798 1009 876 1088 posi-

100 1101 188 1160 tivam
204 1098 240 1158 de
258 1101 381 1180 ipsorum
404 1091 563 1180 probitate}
579 1111 606 1160 et
622 1101 872 1161 sacramentorum

99 1192 256 1274 frequentia
272 1217 280 1264 ς
296 1203 325 1253 et
337 1192 400 1253 ideo
414 1203 546 1253 tenentur
561 1193 767 1272 particulariter
778 1192 814 1252 de
827 1193 873 1252 his

98 1288 232 1347 omnibus
248 1289 399 1347 certiorari.
425 1285 610 1367 Quandoque
627 1290 815 1347 inveniuntur
829 1291 882 1346 or-'
927 1349 930 1354 ,
960 1356 966 1367 ¹

99 1378 218 1441 dinandi
240 1379 317 1440 milie
333 1380 423 1460 cuipis
445 1383 575 1460 onerati,
596 1386 646 1461 qui
668 1383 718 1442 vix
736 1381 822 1440 semei
839 1384 870 1442 in
957 1370 965 1414 ³

97 1494 172 1534 auno
191 1477 422 1535 commonionem
439 1477 617 1554 acceperint,
632 1478 693 1535 imo
711 1479 761 1555 qui
783 1479 869 1536 etiam

98 1567 270 1648 Praeceptum
293 1568 424 1648 paschate
448 1560 616 1643 omiserint,
636 1578 664 1627 et
686 1568 792 1629 deinde
812 1590 870 1630 au-

96 1660 190 1725 dacter
207 1664 402 1722 attestationes
416 1660 534 1722 Perochi
549 1671 722 1741 presentant
743 1660 779 1721 de
803 1682 870 1722 mo-

95 1774 158 1816 rum
185 1754 354 1829 honestate,
376 1764 405 1816 et
425 1756 675 1815 sacramentorum
694 1754 868 1835 frequentia.
931 1825 934 1830 Α

93 1850 141 1911 lsti
155 1853 213 1926 iam
226 1860 319 1930 postea
338 1849 449 1910 ordines
464 1853 641 1930 suscipiunt,
658 1861 685 1910 et
697 1849 866 1913 scandalum

94 1943 169 2005 fiunt
193 1945 320 2024 populor
340 1955 367 2003 et
390 1942 426 2002 de
450 1947 584 2003 omnibus
606 1949 732 2024 ipsorum
752 1945 866 2022 flagitiis

92 2036 235 2098 Parochus
250 2037 383 2117 equidem
400 2038 538 2096 rationem
554 2037 616 2097 Deo
630 2036 746 2096 reddere
762 2039 864 2110 debet;

91 2147 160 2189 nam
176 2130 306 2212 Episcopi
318 2135 347 2190 in
357 2130 411 2194 hoc
422 2130 554 2192 Perochis
565 2131 703 2192 credunt:
717 2130 766 2192 sed
784 2134 866 2213 Epis·

91 2224 152 2304 copi
173 2222 328 2285 seduliores
346 2223 433 2286 fidem
451 2245 509 2285 non
526 2237 662 2306 praestant
682 2226 816 2289 Parociris
834 2231 864 2291 in

90 2315 145 2379 hac
160 2318 277 2377 materia
295 2328 352 2378 tarn
368 2322 469 2395 gravi,
491 2329 579 2400 aq'ua
594 2321 670 2382 satus
686 2322 790 2403 pendet
808 2346 863 2404 po·

89 2411 233 2492 polorum.

110 2584 113 2588 ⁴
131 2509 180 2570 53.
201 2508 331 2596 Quarto,
352 2511 376 2570 si
392 2507 500 2569 accedit
520 2509 676 2590 Episcopus
693 2510 861 2589 negligentis

89 2601 285 2672 conscientiae,
304 2599 500 2660 confessarius
519 2605 688 2679 interroget,
716 2626 740 2663 r.
755 2625 792 2665 au
811 2606 861 2667 de·

88 2684 178 2752 bitam
193 2691 328 2752 adhibeat
339 2691 513 2770 diligentiam
530 2700 649 2774 (praeter
660 2699 783 2759 scientie
794 2719 862 2773 erra·

89 2787 233 2860 mentio
257 2805 287 2844 se
310 2785 485 2846 certiorando
509 2785 545 2846 de
570 2790 691 2866 positiva
720 2791 859 2867 probitate

88 2873 332 2950 ordinandorum,
354 2887 437 2955 prout
460 2880 531 2939 sacri
552 2879 707 2950 canones,
731 2877 857 2939 Triden-

88 2970 198 3041 tinum‚
211 2979 239 3030 et
250 2970 400 3050 Apostolus
411 2975 564 3050 imponunt
576 2994 583 3028 :
597 2975 717 3032 minime
728 2975 858 3051 acquies-

88 3061 175 3124 cendo
193 3063 382 3125 parochorum
398 3065 644 3141 attestationibus,
667 3085 730 3143 quae
746 3070 797 3136 (ut
808 3067 857 3129 di-

88 3157 222 3233 ximus),
249 3168 279 3218 ut
294 3157 451 3240 plurimum
467 3168 518 3222 out
531 3156 613 3223 iaise
627 3170 722 3235 sunt„
741 3168 876 3225 aursus-
