1956 3614
150 211 175 290 ξ.
185 229 230 272 rr.
245 224 368 269 nonant
379 227 466 269 cruca
477 227 568 269 uxrr.
581 229 774 274 uncrronnu.
815 216 877 279 283

96 320 335 402 nemptonum,
355 319 515 394 nuditum,
528 333 674 401 gustum,
690 323 876 400 odoratum,

97 429 130 477 et
139 428 267 477 tactum.
285 413 317 474 Si
332 423 429 475 tamen
443 416 691 494 aegersuprnvivat
702 457 711 490 ‚
722 419 878 479 unctiones

97 508 187 572 etiarn
202 506 257 567 sub
272 503 432 568 conditione
443 509 567 569 reiterari
579 505 684 569 debent
700 511 729 569 in
741 511 878 571 omnibus

98 601 230 680 quinque
244 600 397 674 sensibus,
415 598 505 660 solitis
522 601 709 663 orationibus.
731 603 784 664 lli.
809 603 876 664 Non

97 702 142 757 est
149 691 187 754 de
195 697 362 756 necessitate
371 693 549 756 Sacramenti
557 697 700 772 geminam
711 699 876 759 unctionem

97 789 129 848 in
143 787 267 865 geminis
280 787 408 866 portibus
418 785 554 849 adhibere
564 808 572 858 ς
584 789 643 849 imo
657 808 749 849 unum
761 798 876 851 tantem
914 861 916 866 ¹

96 880 237 956 oculum,
264 901 353 941 unam
369 901 508 956 uranum,
532 891 584 942 etc·
603 901 709 960 ungere
723 881 798 943 licite
812 883 878 944 sui-

97 972 182 1048 ficit,
200 973 270 1035 dum
286 974 442 1054 periculum
456 969 634 1049 iniectionis,
649 984 701 1036 aut
715 975 769 1034 alia
783 994 879 1037 noces·

98 1070 167 1128 sitas
184 1067 337 1144 adest‚„ut
353 1072 377 1129 si
395 1070 528 1131 infirmus
541 1072 641 1150 nequit
655 1073 731 1130 serti
746 1069 782 1130 ad
798 1068 878 1130 aliud

98 1158 188 1221 latus.
216 1160 436 1226 Unctio'reuum
451 1164 481 1222 in
497 1161 684 1235 mulieribus,
704 1171 733 1220 et
746 1165 831 1221 etiarn
847 1165 877 1222 in

97 1255 190 1328 viris,
213 1255 342 1333 quando
365 1255 510 1334 infirmus
537 1259 593 1324 (ut
613 1253 726 1315 rituaiis
748 1263 877 1330 monet)
970 1312 972 1317 .

96 1349 261 1410 commode
289 1349 405 1410 moveri
433 1370 498 1410 non
528 1360 649 1426 potest,
685 1349 879 1426 relinquitur.

94 1437 581 1591 Qun
592 1459 653 1501 esse
664 1437 701 1501 de
711 1443 880 1501 necessitate

170 1533 460 1607 amenti‚communis
522 1533 609 1592 tentia
621 1528 879 1611 tenet3sedquoad

97 1610 170 1700 boc’,
187 1625 376 1685 Ecclesiarurn
389 1623 566 1684 consuetudo
576 1623 719 1684 servanda
734 1636 776 1685 est
790 1648 797 1683 :
809 1628 879 1688 ioco

96 1721 148 1780 cit.
158 1742 187 1800 r.
204 1721 339 1781 Certum.
363 1718 423 1780 Nec
438 1720 524 1778 etiam
540 1716 576 1778 de
590 1719 757 1778 necessitate
772 1717 879 1783 Sacra·
951 1758 954 1763 ,

98 1815 190 1872 menti
204 1823 245 1872 est
260 1815 290 1872 in
305 1814 440 1874 unctione
455 1813 577 1893 partium
594 1809 724 1871 ordinem
742 1830 878 1873 servares

98 1910 178 1985 gravi
202 1916 299 1967 tamen
326 1906 408 1987 culpa
429 1926 459 1966 sc
485 1907 634 1984 obstringit
658 1908 709 1986 qui
733 1915 879 1986 receptum

98 2001 229 2062 ordinent
254 2021 315 2060 non
341 2011 458 2075 servat,
487 2003 553 2064 ioco
575 2002 624 2064 cit.
646 2025 674 2062 ν.
692 2022 748 2064 nec
773 2002 880 2065 etium.

97 2095 156 2156 tv.
177 2096 311 2156 Extrema
336 2097 440 2158 Unctio
465 2096 517 2156 rite
544 2094 687 2156 confertur
711 2097 806 2174 pueris
827 2097 880 2176 qui

98 2191 209 2251 ratione
231 2188 356 2270 pollent,
378 2189 443 2263 licet
455 2207 514 2253 nou
530 2186 624 2251 adbuc
638 2187 671 2251 S.
688 2187 881 2251 Communis·

96 2285 146 2343 nis
160 2281 255 2342 idonei
271 2284 349 2354 sint;
371 2282 505 2343 indubio
525 2292 621 2345 tamen
640 2281 677 2343 de
692 2303 746 2345 usu
761 2284 884 2345 rationis

99 2380 155 2439 sub
172 2376 335 2439 conditione
354 2375 548 2447 administrari
565 2386 667 2455 potest.
696 2377 759 2437 Hoc
782 2385 880 2437 tarnen
932 2387 937 2398 '

100 2493 166 2536 cum
180 2491 293 2552 prorsus
305 2469 467 2533 carentibus
476 2487 537 2535 nou
549 2467 695 2546 procedit,
711 2491 797 2530 num.
810 2488 881 2551 719.

100 2575 129 2627 et
140 2585 209 2644 720·
222 2567 260 2626 V.
271 2563 460 2641 ducentibus,
473 2562 661 2644 phreneticis,
673 2560 880 2640 delirantibus,

100 2663 152 2741 qui
173 2658 244 2721 dunt
267 2660 385 2736 rationis
406 2656 697 2733 inminuerunt,
728 2658 768 2738 pii
789 2647 880 2721 animi

101 2755 339 2834 significationem
355 2752 503 2825 dederint,
525 2762 554 2812 et
568 2754 734 2814 Extremam
755 2753 881 2812 Unctio·
963 2773 967 2780 ·

93 2838 170 2910 'nem
185 2844 338 2930 deberint,
361 2856 411 2909 aut
428 2846 619 2907 verisimiliter
635 2848 800 2927 petiissent,
828 2855 880 2907 aut

101 2947 281 3007 contritionis
291 2946 404 3021 signum
414 2940 560 3016 dederint,
572 2950 679 3000 remoto
689 2943 880 3004 irreverentiae

101 3038 249 3120 periculo,
278 3036 338 3099 dari
358 3045 450 3116 potest
464 3057 472 3106 ;
485 3045 514 3097 et
528 3055 563 3095 eo
578 3036 689 3113 meos,
712 3035 736 3095 si
750 3033 879 3096 incidunt

102 3133 221 3215 aliquod
243 3135 359 3194 rationis
381 3129 566 3194 intervalium
583 3129 703 3239 hebent.
733 3131 769 3191 lu
790 3128 881 3192 dubio

624 3230 659 3257 Ἥ,
