1956 3614
199 242 226 325 §.
244 270 286 313 vr.
305 260 370 309 cun
384 264 492 310 cuorus
506 260 675 310 nunninus.
769 254 823 332 ¹49

46 365 119 430 tur,
142 373 179 414 ne
193 357 353 436 importune
368 366 448 435 cogat
464 365 497 417 ut
517 358 613 417 statim
632 355 824 433 confiteatur,

45 450 185 528 quoniam
201 450 368 510 obstinatior
385 450 445 509 fier.
470 449 576 510 Melius
593 453 646 511 erit
662 469 822 510 sermonem

44 562 144 604 seeum
166 543 255 604 faeere
273 543 309 603 de
325 553 416 604 morte
433 545 478 604 cui
496 562 594 602 ornnes
617 555 768 618 tenemur,
787 542 823 603 de

45 630 322 714 misericordia-Dei,
334 636 370 696 de
382 640 471 716 poenis
480 636 599 710 inferni,
611 646 639 696 et
649 635 684 695 de
694 637 822 701 Paradisi

42 730 167 808 gaudiis.
182 733 300 793 Enarret
310 735 335 792 ui
348 732 511 812 exemplum
521 730 640 807 alicujus
649 736 821 811 peccatoris,

40 828 95 904 qui
115 836 244 886 mortuus
258 836 300 887 est
315 831 497 906 impaenitens
510 848 517 896 r
534 834 584 884 aut
597 825 762 884 nonnullius
776 848 822 887 ea·

42 917 103 996 pite
117 916 269 990 damnati,
294 920 345 998 qui
361 928 487 978 sanctuni
501 919 615 976 sortitus
630 925 672 975 est
684 926 822 994 mortem,

40 1018 129 1095 prout
142 1008 219 1067 illius
228 1012 294 1088 qui,
309 1031 374 1071 curn
388 1014 523 1072 innocens
537 1009 691 1070 damnatus
703 1011 821 1089 fuisset,

39 1122 168 1181 cumque
189 1106 407 1183 interrogaretur
424 1127 480 1186 qua
497 1106 531 1165 de
546 1126 575 1165 re
590 1127 673 1166 suurn
688 1126 746 1166 non
766 1105 821 1176 def

39 1192 392 1270 fendissetinnocentiaur‚
401 1201 439 1256 sic
449 1195 593 1274 respondit
604 1218 611 1252 :
624 1199 663 1255 Et
673 1193 743 1256 cur!
754 1200 819 1276 Ego

39 1300 84 1348 tot
107 1309 207 1348 annas
231 1290 329 1348 Deum
344 1290 472 1370 rogavi,
490 1303 523 1350 at
545 1289 621 1349 milri
642 1291 821 1351 concederet

38 1383 120 1442 mori
133 1392 230 1442 marte
245 1385 447 1460 opprobriosa
461 1424 470 1457 ‚
485 1384 566 1445 sicut
575 1383 719 1443 Salvator
730 1406 818 1444 mens

39 1472 114 1530 abiit
127 1494 185 1547 pro
198 1494 246 1532 me
257 1498 267 1543 ‚-
279 1478 407 1554 egajam
420 1472 538 1534 obtinui
552 1475 637 1550 quud
652 1475 817 1551 petebam,

37 1578 66 1623 et
75 1586 163 1623 nunc
173 1568 233 1624 hac
242 1581 347 1644 optata
360 1580 440 1625 sorte
455 1588 503 1625 me
516 1568 640 1644 privare
653 1569 818 1627 volebam?

38 1657 76 1717 Et
89 1660 128 1715 ita
141 1656 267 1717 hilariter
277 1657 313 1717 ad
326 1657 485 1737 patibulum
500 1661 628 1739 perrexit.
648 1659 739 1717 Dictis
753 1659 818 1733 his,
920 1704 931 1715 .

37 1751 238 1811 Conl'essarius
264 1752 407 1832 relinquat
435 1773 537 1828 reum,
571 1763 602 1812 ut
632 1772 727 1813 seeonr
763 1755 817 1815 ista

36 1850 136 1907 animo
146 1847 275 1908 revolvat
288 1868 294 1915 ;
312 1857 339 1906 et
354 1858 448 1927 postea
464 1852 566 1909 iterunr
581 1852 756 1923 sciscitetur,
776 1869 817 1909 an

34 1940 109 2000 forte
130 1950 258 2000 rnutatus
280 1944 338 2011 sit3
356 1942 439 2020 eique
458 1941 559 2000 dicat:
583 1944 641 2001 Fili
662 1944 706 2000 mi
714 1986 723 2017 ‚
743 1946 815 2014 jum

35 2049 89 2095 tua
109 2057 193 2096 mors
215 2038 467 2114 appropinquat,
490 2035 565 2114 qnid
586 2034 753 2093 decernis?
777 2035 815 2093 In

34 2142 89 2190 tua
115 2141 262 2206 potestate
284 2143 328 2190 est
352 2133 504 2207 infernum
526 2143 580 2189 aut
606 2129 727 2188 Caelum
754 2130 816 2189 ett-

30 2245 115 2313 geqe.
140 2223 357 2283 Animadverte
371 2225 454 2300 qnod
470 2224 497 2283 si
508 2222 658 2284 obstinate
671 2222 811 2298 decedis,

31 2338 88 2396 per
102 2331 201 2378 totam
218 2319 418 2377 oeternitotem
435 2317 643 2392 tepoenitebit;
660 2318 714 2377 sed
726 2331 812 2378 tanto

33 2413 121 2473 malo
154 2413 275 2470 nullam
301 2410 436 2490 amplius
462 2411 634 2469 remedium
666 2422 813 2487 suppetet.

33 2508 113 2567 Cum
129 2503 223 2565 adhuc
243 2507 336 2584 ipsum
353 2503 450 2566 videat
468 2501 592 2576 durum,
614 2510 693 2563 curet
709 2512 740 2562 ut
759 2506 813 2565 cir·

32 2608 210 2661 eurnstantes
228 2608 308 2657 orent
326 2618 374 2678 pro
392 2618 444 2673 oo,
470 2606 498 2657 et
512 2599 665 2676 praesertirn
682 2595 812 2660 litaniam

31 2693 66 2751 B.
91 2692 221 2770 Virginis
235 2693 352 2750 recitent
368 2710 376 2760 ;
398 2701 428 2750 et
441 2688 544 2750 deinde
557 2698 624 2750 ante
638 2709 704 2749 eum
721 2710 813 2767 genu·

30 2782 149 2858 flectat,
171 2792 307 2862 rogetque
322 2801 359 2841 ne
372 2782 441 2841 uelit
455 2784 553 2861 perire.
578 2781 610 2840 Si
626 2800 663 2840 ne
681 2780 810 2859 proficiat
880 2784 884 2791 '

30 2876 152 2957 quidem
166 2895 232 2935 euru
247 2872 437 2953 alloquendo,
453 2892 483 2932 se
498 2882 591 2934 vertet
606 2870 644 2932 ad
660 2871 811 2949 alloquen-

29 2965 103 3027 dum
114 2966 294 3026 crucifixum.
311 2966 462 3045 Denique,
481 2966 505 3023 si
516 2982 579 3023 reus
589 2965 648 3038 jam
660 2960 809 3021 advenerit

28 3058 66 3117 ad
95 3058 225 3138 supplicii
252 3057 372 3129 locunt,
396 3055 555 3135 expostulet
577 3074 594 3113 a
623 3051 751 3132 populu,
775 3062 810 3115 ut

27 3172 130 3215 omues
153 3151 376 3232 genuflectentes
398 3171 449 3232 pro
467 3150 518 3213 illo
541 3149 683 3303 οὴεῐὶὲηίὸο
710 3140 811 3229 preces¹
