1956 3614
148 221 203 282 132
362 232 466 281 mixis
488 232 691 282 cossrsstnrr.
760 208 770 223 ‘

142 322 258 385 babebit
275 335 421 386 eventum.
446 328 477 386 Si
496 337 592 388 aulem
611 327 677 385 linis
698 333 742 386 esi
759 322 874 400 bonus,
886 332 915 386 el

142 419 221 479 abest
234 417 470 498 impedimentum
483 463 492 495 ‚
508 440 561 480 nec
575 418 659 479 debet
670 438 723 479 nec
734 418 915 498 potestCon·

141 510 292 585 sestarios,
305 532 398 592 neque
413 513 504 588 alius,
520 524 552 574 ut
567 512 647 574 docet
661 513 700 573 D.
710 512 843 574 Thomas
856 515 915 585 (ι),

142 608 203 666 sine
224 607 306 687 culpa
329 611 408 686 gravi
436 607 476 667 illi
496 606 652 688 impedire,
675 617 725 668 aut
749 604 916 669 dissuadere

141 698 914 787 vocationem;quamvisprudenteragetaliqnandmsi
962 774 965 780 ⁴

141 797 349 855 exsecutionem
361 795 399 856 illi
412 794 542 870 differat,
555 794 591 855 ad
602 795 701 855 melius
709 792 915 875 experiendum

141 908 179 949 an
195 889 326 950 resolutio
339 893 375 950 sit
389 891 471 950 firma
487 900 515 950 et
530 909 712 971 perseverans
728 908 736 960 ;
758 892 914 969 pracsertim

142 986 165 1044 si
181 986 290 1043 noverit
311 981 516 1044 adolescentem
537 1004 598 1044 esse
616 982 799 1058 volubilem,
819 992 872 1043 aut
891 984 914 1043 si

142 1076 305 1136 deliberatio
328 1075 375 1138 illa
400 1076 472 1137 facta
496 1077 581 1136 luerit
602 1087 727 1156 tempore
749 1078 914 1154 missionis,

143 1171 188 1232 vel
214 1174 410 1231 exercitiorum
435 1171 623 1252 spiritualium
646 1170 742 1231 :dum
765 1174 796 1231 in
812 1170 915 1252 buius·

142 1265 220 1326 modi
242 1268 435 1349 occasionibus
452 1264 584 1345 quaedam
598 1267 796 1346 concipiuntur
813 1285 915 1347 propo-

142 1364 194 1422 sita
208 1403 218 1435 ,
232 1381 296 1440 quae
312 1359 512 1440 postmodum,
526 1362 616 1440 primo
629 1360 739 1423 fervore
752 1370 916 1438 transacto,

143 1454 291 1517 deliciunt.

75 1562 78 1567 '
180 1552 230 1631 93.
242 1550 274 1610 Si
284 1549 649 1631 aliquisadoleseensvellet
658 1554 797 1632 suscipere
806 1560 915 1612 statum

55 1692 59 1701 .
78 1688 83 1701 .
141 1647 295 1728 presbyteri
311 1647 465 1721 secularis,
486 1667 545 1706 non
562 1649 598 1706 sit
611 1647 701 1708 facilis
715 1648 918 1709 Confessarius

27 1766 30 1771 ·
141 1739 178 1801 ad
192 1740 398 1815 annuendum,
413 1744 473 1799 sine
484 1740 565 1818 longa
574 1749 603 1799 et
611 1741 727 1817 probata
739 1744 916 1822 experientia

140 1838 206 1896 recti
219 1836 305 1909 linis,
319 1845 345 1894 et
358 1837 496 1908 scientia,
508 1834 553 1894 vel
565 1832 730 1895 sufficientis
739 1839 914 1915 capacitatis.

142 1929 306 1990 Sacerdotes
315 1929 432 2010 quidem
441 1929 578 1990 seculares
588 1929 693 1990 habent
704 1929 848 2006 eamdem,
855 1933 918 1993 imo

141 2021 277 2100 majorem
292 2024 491 2100 obligationem
504 2044 592 2103 qnam
606 2024 724 2101 religiosi
741 2045 749 2092 ς
771 2032 799 2083 et
815 2035 915 2086 contra

141 2127 289 2179 remanent
315 2119 344 2176 in
363 2114 469 2174 eisdem
493 2115 577 2176 seculi
601 2115 756 2196 periculis:
779 2116 859 2177 unde
881 2127 914 2179 nt

139 2213 207 2288 quis
222 2212 314 2269 bonus
336 2207 438 2268 evadat
460 2208 588 2268 sacerdos
612 2212 641 2268 in
660 2209 754 2271 seculo
778 2214 830 2280 (in
852 2232 915 2291 quo

138 2322 222 2376 raro,
254 2322 291 2361 ne
319 2301 410 2365 dicam
436 2306 576 2363 rarissime
593 2305 659 2363 boni
675 2306 914 2380 inveniuntur),

139 2406 248 2477 oportet
270 2395 347 2478 qnod
373 2400 450 2479 prius
473 2400 559 2475 egerit
585 2400 677 2457 vitam
701 2397 788 2457 valde
810 2418 915 2459 exem-

138 2488 276 2568 plarem,
297 2498 435 2549 remotam
463 2509 479 2548 a
507 2486 599 2562 ludis,
625 2490 662 2549 ab
679 2491 757 2564 otio,
780 2510 796 2550 a
815 2495 916 2570 pravis

138 2586 243 2658 sociis,
264 2595 293 2645 et
316 2583 443 2644 deditam
471 2586 590 2645 orationi
606 2595 635 2644 et
660 2585 914 2647 sacramentorum

137 2674 304 2757 frequentia
332 2676 406 2747 (sed
431 2679 495 2756 quis
520 2687 562 2737 est
586 2677 652 2754 hic,
673 2689 701 2739 et
729 2678 916 2740 laudabimus

138 2790 205 2832 eum
218 2772 231 2833 i
242 2780 275 2846 );
291 2771 418 2852 alioquin
434 2792 463 2830 se
477 2783 562 2851 ponet
576 2774 605 2832 in
620 2783 725 2833 statum
737 2776 915 2853 quasicertae

139 2864 332 2926 damnationis
346 2888 354 2937 ς
370 2868 522 2945 praesertim
534 2869 557 2924 si
572 2865 627 2927 boc
641 2867 724 2927 faciat
734 2909 746 2940 ,
757 2876 790 2926 ut
804 2869 916 2928 obtem·

139 2971 216 3040 peret
225 2971 375 3040 parentum
386 2959 454 3035 lini,
467 2962 516 3039 qui
523 2970 566 3021 est
574 2980 617 3021 res
624 2960 792 3024 domesticas
799 2981 917 3043 augere.

170 3135 208 3195 (r)
226 3130 252 3185 ὃ.
265 3131 306 3185 Th
326 3130 421 3200 Quodl·
433 3131 449 3186 3
461 3165 470 3194 ,
486 3147 509 3186 a·
522 3141 563 3199 ¹⁴·
