1956 3608
93 221 154 292 usui
317 230 422 272 rnrrrrs
439 214 642 270 conrssstnrrj

96 348 127 388 se
140 324 256 386 habebit
275 343 283 393 3
304 325 328 381 si
341 331 435 381 autern
451 319 551 379 libenti
567 321 665 379 anirno
677 337 727 397 pro
741 316 806 376 Deo
819 314 872 378 tro-⁴

95 429 210 502 (reptat,
234 437 291 477 non
306 415 398 474 solum
412 415 489 474 hice
507 415 595 474 morbi
610 431 693 493 poena
709 411 866 484 levabitur,

96 513 145 575 sed
160 516 199 574 ibi
211 514 305 571 rninus
315 512 468 589 purgatorii
481 518 619 568 tormenta
632 506 705 578 luet,
724 508 868 585 magisque

97 619 190 688 postea
210 607 239 662 in
262 602 334 663 coelo
357 604 604 662 remunerabitur:
621 600 760 661 Tristitia
774 614 868 659 vestro

95 712 227 760 vertetur
242 697 274 757 in
288 695 450 775 gaudiam.
463 695 555 755 Joan.
576 694 619 754 16.
632 693 788 752 Maneatur
798 688 878 769 qood·

97 802 230 854 extremae
248 793 314 850 vitae
328 792 469 850 cruciatus
492 799 623 849 nostram·
633 787 780 866 complent
793 795 870 845 aeter-

98 910 167 949 narn
191 906 349 954 coronam3
371 887 508 964 quoniarn
533 889 590 952 (ut
611 884 644 943 S.
670 884 869 943 Bouaveutura

103 983 189 1051 dicit)
206 999 303 1058 poenas
315 981 455 1058 patienter
469 977 604 1050 tolerare,
618 977 680 1036 aliis
692 979 802 1038 cunctis
813 988 875 1056 ope*

99 1078 177 1135 ribus
201 1073 352 1151 perfectius
374 1091 445 1149 opus
469 1081 535 1145 est,
560 1074 640 1146 juxta
662 1070 734 1129 illud
754 1071 871 1132 Jacobi:

99 1167 253 1228 Patientia
269 1184 346 1243 opas
363 1167 531 1242 perfectum
556 1165 659 1223 habet.
688 1165 758 1225 Jac.
784 1186 819 1237 ι,
844 1165 872 1234 4.
913 1188 916 1193 ·

101 1262 138 1319 Et
151 1265 188 1319 ita
205 1260 284 1317 Deus
295 1278 361 1317 suos
372 1260 402 1316 in
412 1257 467 1316 hac
481 1259 539 1316 vita
557 1259 663 1317 amicos
676 1266 794 1331 tractat,
806 1255 872 1314 doru

100 1373 169 1414 crux
180 1362 223 1410 est
236 1362 338 1410 nostrae
353 1349 607 1429 praedestinationis
617 1354 742 1410 securius
755 1353 872 1428 signum.
907 1336 910 1343 ¹

101 1448 134 1506 Β.
151 1445 234 1504 Clara
263 1463 310 1522 per
334 1445 371 1504 28
393 1462 484 1501 annos
506 1443 650 1503 doloribus
668 1454 771 1504 vexata
788 1449 874 1504 vitam

102 1539 193 1598 duxit.
214 1537 246 1595 S.
272 1534 413 1596 Lidovina
434 1556 483 1614 per
508 1538 547 1599 ts
565 1557 656 1596 annos
671 1557 784 1615 semper
798 1537 874 1596 infir-

103 1635 236 1691 mitatum
252 1629 362 1710 pondus
378 1630 518 1690 toleravit.
534 1632 569 1690 Et
585 1630 683 1691 divina
700 1633 796 1690 Mater
807 1651 875 1711 quo·

103 1726 177 1800 dam*
191 1727 236 1786 die
258 1726 292 1784 B.
316 1726 440 1802 Brigittae
464 1729 609 1801 aegrotanti
636 1728 675 1785 sic
692 1725 787 1785 dixit:
816 1725 875 1786 Scis

103 1842 198 1899 quara
224 1835 277 1880 tua
301 1819 468 1898 infirmitas
493 1833 557 1880 tam
576 1823 607 1880 in
627 1824 752 1898 longum
774 1819 875 1881 abiit?

104 1918 207 1990 Abiit,
233 1916 305 1992 qnia
327 1929 355 1974 te
367 1915 462 1974 Filius
477 1938 564 1977 mens
579 1932 608 1976 et
625 1938 679 1996 ago
698 1917 792 1978 nimis
807 1917 876 1975 diti-

101 2011 212 2092 gimus.
236 2009 296 2068 Nos
312 2011 427 2067 rniseros
447 2012 568 2073 viatores
593 2014 666 2069 inter
688 2011 778 2088 hujus
795 2007 877 2070 seculi

106 2124 246 2164 aerumnas
270 2103 422 2182 Apostolus
446 2102 531 2163 valde
552 2104 715 2164 consolatur
737 2102 876 2165 dicendo:

107 2203 357 2256 Momentuneum
382 2210 411 2254 et
433 2198 493 2255 leve
521 2198 727 2258 tribulationis
745 2211 879 2271 nostroe,

104 2303 256 2350 aeternum
270 2290 380 2366 glurioe
392 2291 512 2366 pondus
526 2308 672 2368 operatur·
685 2292 716 2350 in
733 2292 833 2350 nobis.
851 2312 879 2349 2.

108 2381 180 2439 Car.
195 2382 224 2452 4.
234 2379 344 2439 Etalibi
359 2401 366 2438 r
382 2383 451 2441 Non
463 2385 710 2463 suntcondr'gnoe
722 2383 880 2460 passiones

107 2473 199 2546 liujus
211 2472 354 2549 temporis
369 2473 560 2548 adfuturam
572 2476 704 2550 gloriam
713 2495 787 2550 quar
801 2495 882 2534 rere·

108 2558 222 2623 labitur
239 2567 269 2623 in
287 2567 387 2625 nobis.
416 2570 508 2625 llum.
529 2571 568 2641 8,
592 2572 637 2630 18.

149 2656 220 2729 247.
236 2656 272 2713 Et
282 2658 321 2715 sic
336 2657 451 2715 infirmo
464 2657 564 2718 sedulo
578 2671 687 2740 oportet
700 2659 836 2736 suadere,
852 2671 884 2721 ut

110 2749 163 2808 Dei
177 2747 317 2809 voluntati
331 2750 541 2829 conformetur,
558 2775 616 2815 uon
629 2756 719 2815 solurn
736 2759 759 2813 si
772 2755 885 2817 dolores

110 2843 235 2921 patitur,
246 2840 387 2902 sedetiam
399 2846 422 2902 si
432 2844 534 2906 medici
544 2857 652 2920 errant,
663 2850 885 2908 autassistentes

111 2937 885 3019 ipsiuscuramnegligunt.Hinccrebromoneatillum,

110 3038 172 3088 uta
190 3031 252 3091 Deo
266 3036 430 3111 patientiam
445 3036 614 3116 expostulet.

147 3125 219 3199 248.
239 3126 277 3189 V.
295 3126 335 3189 lis
350 3131 401 3212 qui
415 3150 487 3210 tegre
504 3131 598 3195 lerunt
616 3134 687 3203 ruori
702 3140 761 3194 tarn
775 3135 896 3195 imma·.

774 3294 779 3299 ι
806 3234 902 3298 ωε,
