1956 3608
310 166 318 177 .
862 158 873 179 f

90 204 127 269 ἰ,
240 201 266 274 §.
282 219 316 262 rr.
336 213 420 261 ornet
434 215 544 258 rruuror
563 217 724 260 orrrcrurr.
827 218 910 279 ¹7-

93 309 303 368 Poenitentibus
319 309 471 387 imponunt
487 307 692 367 satisfactiones
705 326 803 367 eorum
818 308 868 365 vi·
901 320 909 349 -·

95 403 174 460 ribus
185 405 315 481 impares.
331 402 411 478 Quot
425 403 542 460 istorum
557 420 615 460 non
628 398 760 460 dubitant
772 400 869 460 absol·

94 513 162 553 vere
176 493 312 555 recidivus
328 492 529 572 indispositos,
547 503 576 553 ct
589 513 636 554 eos
651 496 756 573 pariter
770 496 820 572 qui
834 500 866 554 in

93 590 221 667 proxima
246 591 392 649 occasione
412 587 548 668 peccandi
563 598 731 662 versantur,
748 597 776 647 et
792 589 867 647 insi·

91 681 203 757 pienter
220 688 324 758 putant
342 697 393 738 eos
412 696 596 757 recuperare,
616 679 641 736 si
657 679 790 756 gravibus
805 696 866 758 pcn-

92 772 245 830 nitentiisa
257 789 288 829 se
296 777 427 829 oneratos
437 767 604 842 dimittunt,
616 766 680 830 licet
691 767 866 849 prevideant

53 892 56 898 ·
93 860 155 922 illas
165 882 224 922 non
234 863 294 922 fore
307 870 510 921 exsecuturos:
526 881 556 919 v.
565 879 605 937 gr.
618 902 627 934 ,
641 863 794 938 injungunt
804 861 862 936 illi,

92 957 145 1034 qui
163 957 214 1014 vix
228 953 315 1014 semel
329 956 359 1012 in
374 971 451 1013 anno
465 951 576 1011 dudum
590 953 735 1012 confessus
750 964 814 1027 est,
830 965 865 1015 ut

92 1056 195 1107 octavo
205 1049 309 1126 quovis
320 1044 367 1104 die
383 1064 555 1126 perannum
572 1045 742 1106 confiteatur
754 1066 761 1114 ;
776 1050 865 1126 quin-

92 1138 185 1200 decim
207 1138 327 1201 decades
347 1136 457 1199 Rosa'rii
487 1138 613 1218 quolibet
638 1139 684 1199 die
704 1140 864 1201 recitandas

90 1232 152 1307 illi,
176 1236 225 1313 qui
241 1253 279 1293 ne
296 1233 394 1292 solitus
407 1231 524 1311 quidem
539 1232 593 1291 fuit
607 1235 736 1310 quinque
751 1237 780 1291 in
794 1233 865 1293 heb·

91 1325 214 1384 domada
227 1329 340 1386 recitare
349 1347 356 1383 ε
366 1324 538 1405 disciplinas,
545 1327 700 1384 orationem
708 1325 863 1387 mentalem

90 1417 158 1492 itti,
180 1422 229 1498 qui
245 1439 300 1479 nec
314 1439 418 1478 nomen
442 1439 569 1497 unquam
595 1417 716 1478 audivit.
738 1420 774 1477 Et
791 1419 863 1499 quid

89 1509 158 1570 hin'c
167 1508 301 1569 ev'eniet?
316 1511 437 1569 Eveniet
449 1509 527 1588 quod
540 1509 602 1569 licet
616 1512 700 1570 iuviti
714 1518 864 1590 acceptent
909 1530 914 1549 ’-

88 1602 167 1682 quod
189 1608 366 1684 imponitur,
389 1614 421 1662 ut
438 1604 643 1662 absolutionem
663 1612 865 1682 aucupentur,

88 1696 276 1759 nihilominus
295 1708 390 1778 postea
408 1696 479 1755 nihil
495 1697 597 1755 harum
617 1699 789 1756 exsecutioni
810 1696 863 1756 de-

88 1772 254 1859 nlatrdant3
275 1799 303 1847 et
319 1787 458 1847 credendo
476 1792 578 1846 iterum
593 1789 697 1856 essein
715 1798 863 1866 peccatum

88 1878 240 1958 delapsos,
271 1882 401 1958 quinimo
419 1880 546 1958 putando
570 1883 731 1959 (praecipue
753 1880 860 1953 rudes)

87 1972 196 2031 nullius
222 1975 359 2032 momenti
385 1971 472 2031 fuisse
499 1972 704 2031 confessionem
733 1973 863 2048 factam,

88 2065 157 2141 quia
188 2065 358 2141 poenitentioe
384 2065 522 2141 imposita
551 2081 610 2120 non
641 2062 859 2137 satisfecerunt,
906 2086 909 2092 ⁴

87 2160 234 2235 propterea
257 2155 294 2216 ad
314 2159 462 2235 pristinum
482 2155 589 2234 perdite
604 2152 723 2213 vivendi
741 2153 861 2217 modum

86 2247 231 2308 redeunt:
258 2259 287 2307 et
311 2251 448 2327 perterriti
469 2251 505 2307 ob
530 2251 701 2327 poenitentiae
718 2249 861 2328 impositae

86 2340 201 2421 pondus
225 2363 240 2400 a
264 2341 439 2401 confessione
458 2340 593 2414 horrent,
625 2351 652 2400 et
676 2343 715 2400 ita
739 2354 860 2420 pergunt

87 2437 118 2492 in
140 2434 258 2511 peccatis
281 2432 433 2492 tabescere.
459 2431 495 2488 Et
507 2430 554 2490 hic
570 2441 611 2488 est
625 2431 734 2490 fructus
755 2434 805 2509 qui
827 2437 858 2492 in

86 2528 242 2606 perniciem
256 2535 297 2584 tot
310 2527 476 2585 miserorum
494 2523 631 2601 colligitur
644 2543 678 2584 ex
692 2524 857 2602 hujusmodi

85 2618 343 2691 satisfactionibus,
361 2637 432 2698 quas
446 2614 647 2678 convenientes
661 2629 785 2694 vocant,
807 2619 856 2680 sod

85 2711 190 2774 melius
203 2709 330 2772 diceudae
347 2711 438 2772 forent
452 2714 769 2774 inconvenientissima.
833 2770 839 2779 ,
864 2758 868 2765 .

132 2806 177 2866 13.
206 2806 347 2865 Caeterum
373 2815 449 2866 extra
478 2827 576 2867 casum
600 2806 800 2878 infirmitatis,
827 2812 858 2866 et

86 2903 311 2977 compunctionis
331 2899 578 2974 extraordinariae,
594 2920 653 2959 non
671 2901 745 2958 bene
763 2906 858 2972 ageret

87 2991 301 3065 Confessarius,
325 2997 347 3052 si
365 3016 414 3072 pro
432 2995 521 3072 culpis
536 2993 671 3069 gravibus
685 2989 855 3067 ,adjungeret

85 3082 178 3151 levem
193 3087 435 3162 satisfactionem,
450 3104 515 3165 quae
535 3082 652 3146 inducat
672 3084 764 3146 levem
778 3085 856 3144 obli-
