1956 3608
234 205 261 281 ς.
277 216 555 270 rr.·cmctrourc1s
570 212 730 281 mucrore.
824 211 864 288 37

98 316 124 378 ie
142 316 247 396 spuile.
274 312 449 379 Maiestatis
466 326 563 379 autem
587 327 648 394 est,
671 339 737 380 cum
751 337 867 399 operam

98 418 179 470 s'uarn
201 408 316 470 exhibet
335 411 411 470 actui
432 410 553 488 alicujus
567 431 603 472 ex
616 430 646 471 se
668 410 874 487 indifferenti,

98 506 147 583 qui
168 523 200 563 ea
221 504 349 563 abutitur
363 500 400 562 ad
415 504 524 564 malum
546 505 660 579 finem,
681 514 769 565 otest
790 525 867 585 prae·

97 597 163 658 bere
176 598 278 657 vinum
292 596 400 656 volenti
413 617 444 656 se
453 598 561 658 ebriare
573 618 581 670 3
597 608 624 658 et
634 596 695 659 haec
708 607 799 679 potest
807 617 868 658 esse

97 689 193 767 licita,
214 708 280 751 cum
296 688 376 749 adest
392 693 466 766 justa
476 733 489 773 ,fl
507 700 535 751 et
549 695 736 771 cooperationi
752 692 869 771 piopor·

100 783 206 844 tiouata
220 781 318 845 causa.
337 783 392 842 Hic
406 793 548 862 punctus,
561 786 719 863 quimagui
732 786 869 844 momenti
960 813 965 823 ·

98 887 159 953 est,
179 886 208 936 et
222 876 314 936 muita
328 874 552 936 'consideratione
565 875 716 954 indigens,
736 896 794 937 non
809 896 871 937 me·

97 970 186 1031 ‹irocri
200 968 272 1028 mihi
285 968 339 1028 fuit
353 968 459 1042 labori,
475 979 507 1030 ut
519 969 607 1031 veluti
622 989 666 1030 res
679 971 807 1049 exigebat
819 990 871 1031 ex·

98 1063 287 1145 penderetur3
309 1060 460 1125 observent
474 1062 595 1144 ideoque
609 1067 732 1126 rationes
745 1074 774 1126 et
791 1084 870 1127 reso·

97 1155 220 1217 lotiones
233 1159 262 1215 iu
277 1174 361 1235 opere
373 1156 519 1234 congestas
540 1161 597 1225 (ri.

139 1252 189 1322 24.
209 1250 291 1309 Circa
305 1250 335 1308 ll
352 1252 564 1327 Praeceptum,
592 1252 742 1327 intermget
755 1248 792 1309 de
805 1269 870 1330 per-

99 1342 201 1418 juriis,
223 1339 346 1400 devotis
369 1343 548 1420 transgressis
567 1351 595 1402 et
615 1340 651 1401 de
672 1341 868 1422 blasphemiis.

100 1431 205 1511 Quoad
218 1435 339 1512 perjuria
353 1475 362 1505 ,
378 1434 528 1510 interroget
543 1433 750 1508 Poenitentem,
772 1435 796 1492 si
810 1434 871 1494 fat·

99 1547 162 1587 sum
178 1529 335 1604 jnraverit,
353 1535 432 1586 etan
446 1529 475 1585 in
492 1525 612 1603 judicio,
630 1528 676 1587 rel
690 1537 784 1603 extm,
801 1529 870 1608 quia

100 1619 254 1702 pejerando
273 1623 305 1678 in
328 1618 454 1695 judicio,¹
492 1621 579 1679 etiam
603 1618 749 1680 Iustitiam
774 1619 845 1681 iasii
860 1640 877 1695 ,·

99 1723 211 1794 propter
225 1709 302 1793 quud
315 1708 472 1791 aliquando
486 1712 644 1787 tenebitur,
657 1720 709 1771 aut
721 1729 750 1769 se
764 1721 870 1772 retrac-

100 1816 181 1883 tare,
207 1815 259 1868 aut
280 1805 421 1865 damnum
446 1805 569 1866 reficere.
595 1812 644 1864 ιθ
657 1806 821 1884 'luteiroget
836 1803 872 1866 de

99 1900 185 1961 modo
197 1920 257 1981 quo
272 1901 399 1976 jurarit,
416 1901 438 1955 si
452 1921 505 1975 per
521 1903 641 1973 Deum,
653 1920 709 1976 per·
721 1900 873 1975 Sanctus,

98 1986 323 2070 per'tmimurm
339 1991 454 2048 sienim
470 1991 576 2063 juravit
591 2008 639 2067 per
650 1990 871 2067 conscientiam,

102 2095 152 2146 aut
162 2084 325 2164 perfidem
337 2126 347 2157 ,
368 2085 439 2162 quin
452 2080 701 2160 addideritfidem
713 2096 852 2142 sanctum
864 2124 874 2156 ,

102 2189 152 2240 aut
175 2179 310 2250 Christi,
340 2176 564 2257 probabilissime
589 2184 680 2256 potest
704 2174 832 2236 excusari
855 2196 872 2237 a

103 2270 226 2361 perjurio
247 2275 304 2342 (a).
317 2268 491 2329 Advertatur
502 2266 571 2342 hic,
594 2266 699 2327 multos
713 2266 797 2326 rudes
813 2287 871 2327 non

103 2361 314 2447 apprehendere
337 2372 369 2423 ut
387 2373 533 2443 peccatum
551 2362 657 2440 grave,
684 2366 809 2440 pejerare
823 2364 873 2441 per

104 2460 243 2535 Saucius,
259 2478 325 2518 com
340 2456 456 2518 atterius
471 2455 623 2515 ‘damnum
633 2472 691 2513 uon
710 2457 878 2535 intervenit.-

104 2555 141 2613 m
155 2534 342 2631 pierumque,
364 2571 429 2610 cum
444 2548 582 2623 infilius,
604 2557 653 2608 aut
666 2546 789 2607 samnius
804 2549 876 2607 iras-

104 2657 201 2710 centes
219 2643 337 2718 dicunt,
350 2646 407 2723 per
423 2646 548 2718 Deum,
567 2664 624 2719 per
639 2642 793 2716 Sanctus,
816 2662 874 2720 per·

106 2739 264 2801 Christum
284 2748 312 2795 te
334 2736 494 2807 occidam,
512 2734 538 2794 si
555 2732 664 2795 iterum
678 2734 737 2794 iro'c
749 2732 874 2807 socies,

140 2932 262 2999 (silbin.
272 2948 300 2984 rr.
311 2935 352 2998 76.
365 2929 420 2982 Lib.
430 2947 459 2990 2,
471 2946 498 2980 n·
508 2930 548 2992 63,
559 2946 583 2980 ν.
594 2928 633 2980 Ad
644 2925 871 2996 distinguendum,

109 3014 164 3068 etl.
177 3022 211 3076 ὅ,
227 3030 302 3065 num.
319 3019 376 3077 ⁵7¹·

139 3125 176 3189 (a)
196 3124 272 3177 Tom.
285 3121 313 3185 i,
330 3117 376 3172 lib.
389 3116 421 3182 3,
433 3131 509 3171 num.
524 3114 580 3179 13⁵,
