1956 3608
235 218 260 293 §.
275 233 426 281 tucrum
441 237 736 294 sumersonrrcrnrr,
824 222 864 288 85

103 343 161 386 rem
187 325 331 388 meliorem
351 325 495 403 reddidit,
520 338 549 390 et
571 328 635 390 ideo
658 329 747 411 pluris
768 328 869 390 vendi·

102 416 187 479 disset
199 417 293 499 'quam
317 437 360 478 res
381 422 458 499 psius
475 418 599 481 valebat.
612 443 642 483 2.
666 420 699 481 Si
717 429 870 501 proxeneta

101 529 166 569 cum
178 507 294 569 domino
304 511 487 584 convenerit,
502 509 624 590 amplius
634 513 659 570 ei
670 530 729 572 non
738 507 869 585 tradere,

101 604 155 664 nisi
181 605 302 687 ppetium
325 604 362 663 ab
380 621 414 664 eo
432 601 653 664 determinatum
669 624 678 677 ;
696 614 724 666 et
737 604 794 666 hoc
808 607 871 665 sive

100 715 230 777 expresse
243 700 304 758 sive
318 699 422 775 tacite,
442 706 525 778 prout
535 707 607 758 esset
619 701 643 759 si
656 696 790 759 dominns
802 696 871 758 nul·

100 789 159 855 lum
171 813 222 873 pro
234 791 299 870 ejus
312 791 408 853 labore
421 790 595 871 stipendium
607 796 786 871 assignasset.
799 795 828 854 3.
837 791 872 855 st

99 884 177 968 quod
195 896 323 966 superest
333 885 410 947 esset
424 889 505 967 parvi
521 891 678 962 momenti,
696 891 734 948 ita
750 898 782 948 ut
797 907 872 967 prae-

58 1040 81 1053 „
99 992 263 1043 sumeretur
275 979 586 1044 dominuscondonare.
604 984 635 1056 4.
652 976 684 1044 Si
699 992 871 1063 proxeneta,

98 1073 172 1136 facta
180 1072 321 1135 ordinaria
331 1073 562 1156 diligentia,ipse
573 1076 686 1136 sibimet
697 1084 803 1150 emeret
811 1095 871 1136 rem

89 1168 189 1247 'pretio
199 1160 236 1226 ab
247 1164 309 1226 aliis
324 1165 438 1240 oblato,
454 1177 483 1226 et
499 1177 595 1246 postea
612 1186 676 1227 eam
695 1167 783 1246 pluris
796 1185 872 1226 ven-

91 1254 188 1320 deret.
212 1257 294 1318 Idem
308 1257 481 1332 dicendum,
504 1261 529 1317 si
548 1261 613 1337 quis
628 1258 679 1317 tibi
699 1259 872 1318 commiserit

100 1351 227 1434 aliquam
245 1372 303 1413 rem
324 1350 474 1412 emendam
498 1354 587 1432 pretio
602 1349 778 1441 designato,
793 1359 821 1410 et
840 1360 871 1410 tu

101 1449 218 1508 minoris
235 1449 371 1514 emisses;
396 1454 464 1504 tunc
485 1447 561 1504 enim
585 1443 656 1504 nihil
673 1445 796 1525 amplius
809 1446 872 1504 exi-

101 1561 164 1618 gere
178 1550 280 1619 potes,
303 1541 358 1598 nisi
375 1537 628 1598 extraordinarium
645 1537 770 1598 laborem
784 1536 872 1598 adhi-

102 1635 210 1695 buisses
222 1643 254 1693 ut
264 1636 399 1712 impensae
414 1649 556 1711 parceres,
569 1641 619 1690 aut
633 1633 655 1689 si
671 1651 730 1690 rem
748 1641 798 1691 tuo
818 1651 873 1690 no·

101 1733 179 1792 mine
192 1731 330 1800 emisses,
344 1723 500 1806 periculum
517 1726 546 1783 in
564 1733 589 1782 te
604 1722 774 1807 assumendo
788 1744 797 1793 3
819 1722 874 1785 lroc

101 1834 197 1887 tamen
215 1821 400 1899 intelligitur,
420 1823 448 1879 si·
461 1823 518 1895 iarn
538 1820 722 1898 praemisisses
735 1817 872 1879 moralem

103 1917 299 1994 diligentium,
321 1935 373 1975 nec
392 1917 550 1974 invenisses
567 1936 583 1974 a
602 1934 736 1994 quorem
755 1917 873 1976 minon's

102 2031 195 2074 emere
212 2013 350 2091 potuisses
364 2013 445 2085 (r).,.

75 2104 83 2119 ¹
142 2103 193 2166 62.
214 2103 412 2173 Duodeclmo,
436 2105 459 2162 si
478 2100 586 2164 accedit
608 2103 801 2176 barbitonsor,
820 2107 875 2163 in-

103 2208 255 2278 terrogetur
273 2218 311 2259 arr
333 2197 401 2259 alios
422 2196 537 2257 tondeat
563 2200 592 2257 in
618 2195 719 2257 diebus
740 2196 873 2275 festivis,

104 2305 131 2356 et
147 2295 197 2354 ubi
217 2292 383 2368 hujusmodi
408 2290 587 2354 consuetudo
602 2312 660 2352 non
676 2290 775 2352 adsit?
793 2293 873 2354 Dum

104 2399 199 2453 contra
211 2387 241 2447 id
255 2390 280 2447 ei
294 2407 352 2448 non
365 2397 406 2448 est
417 2390 554 2460 vetitum,
569 2389 617 2446 ubi
628 2387 803 2448 consuetudo
814 2388 874 2464 jam

105 2480 262 2544 introducta
286 2489 328 2540 est
344 2500 352 2552 3
371 2490 421 2541 ant
437 2463 460 2539 si
480 2481 517 2538 ibi
533 2487 683 2558 nequeunt
697 2482 750 2537 viri
766 2478 875 2540 tonderi

103 2578 159 2636 nisi
174 2575 314 2648 infestis,
329 2572 452 2654 eoquod
468 2575 498 2632 in
514 2571 576 2632 aliis
589 2571 690 2632 diebus
705 2573 791 2632 labori
806 2593 889 2654 ope··

76 2734 79 2739 ¹
106 2687 166 2728 ram
192 2685 298 2725 navare
321 2664 449 2738 debent,
470 2674 502 2724 ut
524 2683 553 2723 se
571 2683 693 2743 suosque
716 2676 874 2726 sustentare

106 2762 223 2839 possint.
249 2759 385 2818 Praeterea
406 2761 609 2836 interrogetur,
626 2778 664 2819 an
683 2778 793 2818 comam
808 2778 876 2817 rnu-

106 2852 220 2914 lieribus
240 2861 434 2932 componant,
452 2854 530 2926 juxta
546 2853 706 2930 improbum
723 2871 807 2910 usum
822 2851 875 2912 hoc

108 2955 231 3029 tempore
241 2969 257 3008 a
268 2948 360 3008 Satan
371 2949 532 3011 inventum.
548 2944 699 3006 Ordinarie
713 2943 875 3024 loquendo,
920 2994 923 2999 .

139 3138 179 3200 (r)
197 3132 307 3189 ibidem.
