1956 3608
208 199 235 272 §.
249 215 295 258 rv.
316 214 404 259 cruca
418 216 533 259 suuucrs
551 217 712 258 orrrcrurr.
804 212 843 280 aq

63 303 146 364 modi
161 304 312 379 homiues,
324 315 468 385 quantum
483 305 630 381 laborent,
646 301 800 365 difficulter
813 324 845 365 se

63 402 293 474 examinabunt,
317 412 350 460 ut
364 421 416 480 par
429 410 489 475 est,
514 409 541 459 et
563 402 602 460 ita
624 409 746 475 exacte,
770 400 845 461 sicut

64 502 159 572 potest
165 495 224 574 ipse
233 490 432 554 Confessarius
442 512 490 552 eos
501 496 682 561 examinare;
695 503 723 553 et
732 504 843 565 contra,

63 605 133 645 com
156 584 264 645 dimissi
287 595 376 661 sunt,
395 584 553 666 periculum
567 587 620 644 erit
637 594 690 658 ut,
717 587 842 645 exterriti

65 677 235 741 difficultate
256 701 286 740 se
305 678 513 751 examinandi,
535 699 551 739 a
570 676 735 739 confitendo
754 689 845 740 retra·

62 770 188 847 bantur,
209 783 238 834 et
256 777 286 834 in
302 775 424 852 peccatis
444 771 633 833 obdurescant
650 777 715 844 (r):
732 771 841 853 quade

62 888 92 927 re
106 868 307 928 confessarius
325 866 410 925 debet
429 868 490 946 ipse
510 882 546 924 ex
566 864 733 942 hujusmodi
746 866 841 927 Poeui·

61 965 191 1023 tontibus
207 971 317 1040 peccata
331 961 501 1040 exquirere,
522 980 569 1020 eos
585 959 785 1036 interrogando
797 980 842 1021 se·

42 1116 45 1121 .
60 1055 190 1118 cundum
203 1055 330 1117 ordinem
342 1056 569 1134 Praeceptorum‚
586 1058 725 1136 praecipue
737 1057 760 1115 si
771 1066 839 1117 sunt

61 1152 161 1211 famuli
176 1195 185 1225 ,
209 1148 333 1228 auriga,
346 1140 492 1210 'muliones
507 1192 517 1223 ,
538 1149 662 1224 milites,
684 1149 837 1225 satellites,

61 1265 223 1326 caupones,
245 1254 273 1304 et
293 1244 341 1304 alii
363 1241 451 1320 hujus
466 1244 599 1320 generis,
618 1244 667 1320 qui
683 1244 774 1302 vitam
790 1262 837 1302 so-

60 1340 120 1401 lent
130 1338 234 1401 duccre
244 1349 355 1400 aeternae
366 1337 465 1398 salutis
476 1337 665 1416 negligentem
676 1380 686 1411 ‚
701 1348 729 1398 et
741 1358 835 1398 rerum

59 1434 225 1494 divinamm
248 1435 430 1513 ignorantes,
449 1431 545 1512 procul
569 1452 585 1492 a
607 1433 792 1493 concionibus
807 1443 836 1494 et

55 1516 189 1596 ecclesiis,
209 1528 245 1588 Et
257 1526 312 1588 hoc
325 1525 405 1606 pejor
415 1547 491 1586 error
505 1536 598 1600 esset,
611 1528 633 1585 si
644 1527 681 1585 ob
692 1524 834 1588 delectum
847 1605 850 1612 Ι

58 1625 198 1683 examinis
213 1620 370 1680 dimitteret
387 1619 513 1698 aliquem
532 1619 657 1694 rudem,
685 1622 735 1698 qui
750 1630 834 1680 antea

56 1725 171 1794 propter
194 1714 325 1784 ruborem
353 1710 471 1791 aliquod
495 1721 643 1791 peccatum
672 1708 835 1786 reticuerit,

56 1809 192 1884 quamvis
202 1802 361 1884 repetenda
372 1804 667 1865 essentconfessiones
676 1803 832 1865 multorum

55 1918 219 1974 annorum,
239 1908 352 1979 propter
376 1902 471 1974 majus
491 1897 648 1977 periculum
666 1897 744 1976 quod
765 1909 834 1975 tuuc

55 1995 182 2068 subest,
212 2013 318 2073 nempe
344 1990 422 2072 quod
447 1994 470 2050 si
495 2011 553 2049 non
576 1988 691 2067 redeat,
717 1994 831 2072 peribit.

54 2085 198 2146 Advertat
209 2087 397 2147 nihilominus
412 2085 610 2146 confessarios
625 2103 727 2143 senon
743 2090 832 2146 teneri

54 2191 114 2242 tam
131 2184 241 2241 minute
263 2181 315 2240 hos
334 2184 504 2258 interrogare
521 2202 528 2251 ;
550 2182 700 2258 interroget
715 2189 830 2241 tantum

53 2273 231 2356 depereatis
254 2279 284 2334 in
310 2295 374 2353 quae
398 2274 518 2338 faciliter
537 2273 661 2333 incidere
685 2285 828 2354 possunt,

52 2378 177 2448 spectata
199 2388 298 2428 eorum
317 2367 500 2441 conditione,
524 2379 551 2426 et
567 2370 723 2448 capacitate
743 2359 826 2441 (hs

51 2464 111 2522 imo
126 2483 192 2523 cum
208 2462 373 2537 Poenitens,
398 2461 462 2522 licet
479 2460 576 2530 rudis,
599 2460 731 2520 videatur
748 2459 829 2522 suffi-

51 2558 163 2615 cienter
173 2574 233 2615 esse
245 2557 418 2630 instructus,
439 2565 467 2616 et
483 2554 601 2632 diligens
615 2557 645 2614 in
662 2556 827 2618 confitendo

52 2659 165 2729 peccata
190 2669 256 2709 cum
279 2652 337 2708 suis
355 2652 597 2726 circumstantiis,
617 2649 698 2727 juxta
718 2663 825 2713 statum

50 2762 136 2804 suum
155 2755 184 2805 et
207 2747 391 2825 capacitatem
414 2744 493 2821 (alio
509 2748 586 2804 enim
607 2745 691 2805 modo
712 2754 837 2807 tenetur'

51 2853 81 2894 se
95 2839 259 2898 examinare
275 2835 373 2898 doctus
386 2879 397 2911 ,
409 2846 438 2897 et
450 2836 505 2896 alio
516 2835 619 2912 rudis)
631 2879 641 2914 ,
662 2847 730 2898 tunc
744 2839 824 2897 Con·

83 3026 122 3086 (r)
142 3021 257 3081 Ibidem.
274 3038 302 3073 v.
313 3022 362 3072 Sed
375 3022 446 3087 haec;
462 3023 495 3075 ad
506 3040 533 3076 n.
545 3023 568 3073 1.

82 3124 126 3183 (α)
139 3120 193 3180 tbi,
217 3120 250 3172 od
264 3134 340 3171 num·
354 3117 396 3170 lll.

632 3203 695 3264 tte.
