1956 3614
155 240 222 285 (mr,
237 243 269 288 V·
282 244 348 287 CUI!
363 241 542 290 adstruente
553 250 593 291 Eu
602 250 764 294 BEClDlVlS·
791 258 847 319 1⁰9

71 325 164 391 lenter
178 348 243 390 eum
260 331 387 410 impellat
402 331 438 393 ad
451 333 646 413 peccandum
662 346 740 397 etex
757 337 862 409 alteru„

72 420 195 483 illinon
220 433 262 483 est
286 425 447 488 voluntaria
472 432 589 490 retentio
613 430 682 490 mali
707 430 855 508 habitus,·

71 523 157 593 prout
173 524 215 575 est
232 516 427 579 voluntarium
445 539 503 579 non
520 541 653 582 amovere
669 528 846 584 occasionem

71 628 138 668 curn
156 613 265 689 possit:
284 610 362 673 unde
376 615 407 671 in
423 613 472 674 tali
491 619 658 677 necessitate
676 616 754 678 Deus
770 616 848 678 male

70 699 220 764 habituato
236 708 494 782 magnomonte,
518 719 546 768 et
561 709 642 783 ideo,
658 710 809 790 plusquam
827 714 858 771 ι’

71 792 209 856 dilatione
223 798 433 872 absolutionis,
454 804 559 882 sperari
579 813 669 882 potest
684 804 848 864 emendatio

70 909 86 948 a
98 894 188 966 gratia
204 893 398 968 Sacramenti‚
408 914 473 973 quar
483 895 564 955 illum
576 896 719 957 fortiorem
729 896 848 972 reddet,

69 981 226 1063 reddetque
242 982 396 1047 efficaciora
417 987 510 1049 media
531 1009 595 1069 quae
614 993 674 1069 ipse
699 988 848 1051 adhibebit

68 1074 106 1135 ad
120 1075 254 1137 habitum
273 1079 485 1159 extirpandum.
510 1082 571 1141 Cur
585 1085 662 1142 enirn
676 1127 685 1159 ,
715 1093 787 1144 recte
800 1080 847 1141 di·

67 1180 140 1231 cont
160 1170 400 1234 Salmanticenses
423 1177 494 1249 (1),
522 1178 612 1252 magis
636 1179 741 1255 sperari
760 1174 846 1235 debet

64 1262 149 1343 quod
164 1252 300 1345 peccatori
315 1269 402 1343 gratia
418 1271 522 1326 carenti
538 1272 626 1347 prosit
639 1267 737 1328 dilatio
757 1270 847 1328 abso-

63 1355 208 1432 lutionis,
226 1379 312 1439 quarn
331 1363 418 1439 prosit
433 1364 526 1423 arnioo
540 1363 617 1437 Dei,
631 1361 772 1423 absolutio
785 1362 848 1443 qr'ra

61 1454 190 1531 gratiam
208 1452 332 1532 recipit?
355 1453 391 1512 Et
406 1453 557 1515 oerdinalis
571 1456 690 1515 Toletus
711 1459 776 1533 (2),
800 1451 845 1535 lo-

60 1545 186 1628 quendo
202 1550 314 1625 praecise
329 1545 365 1605 de
378 1558 491 1626 peceato
506 1548 687 1626 pollutionis,
700 1546 844 1611 censet'ad

60 1640 127 1702 tale
140 1642 245 1700 vitium
265 1638 416 1699 vitandum
437 1657 496 1698 non
516 1660 577 1698 esse
601 1640 758 1700 remedium
776 1640 857 1709 effi-‚

61 1734 165 1797 cacius
182 1753 269 1814 quam
285 1753 359 1814 srepe
373 1751 403 1792 se
420 1735 532 1794 munire
551 1734 735 1794 Sacramento
750 1734 846 1794 Poeni·

10 1806 13 1845 '
63 1830 189 1899 lentim
206 1826 360 1905 subditque
375 1827 429 1887 hoc
446 1827 664 1887 Sacramentum
682 1831 845 1888 maximum

67 1940 132 1983 esse
157 1920 272 1982 frenum
299 1919 464 1996 hujusmodi
490 1931 634 2000 peccalum
658 1924 845 1982 corrrmitten-

69 2018 171 2077 obus:
188 2017 279 2095 etqui
293 2032 396 2073 eonon
412 2024 547 2086 utuntur,
561 2017 676 2092 inquit,
692 2013 769 2092 quod
784 2034 848 2075 non·
875 2024 878 2029 '
955 2014 961 2025 '

74 2114 126 2175 obi
150 2113 319 2193 promittant
345 2102 576 2169 emendationem
601 2109 655 2168 nisi
685 2127 733 2183 per
756 2111 846 2168 mira-

77 2206 182 2269 olom.
204 2205 241 2267 Iit
254 2207 284 2264 in
300 2204 393 2278 facto,
408 2202 440 2262 S.
454 2202 600 2283 Philippus
614 2204 738 2276 Nerius,
761 2211 793 2262 ut
804 2202 845 2264 le-

79 2304 149 2377 gitur
161 2304 192 2361 in
209 2302 272 2376 ejus
284 2301 343 2359 vita
370 2304 439 2372 (ὃ),
456 2304 580 2359 maxime
597 2298 650 2359 hoc
669 2297 764 2359 medio
784 2299 845 2359 fre-

80 2398 189 2475 quentis
204 2394 387 2456 consessionis
400 2394 532 2452 utebatur
546 2412 595 2471 pro
609 2391 739 2452 recidivis
750 2394 780 2449 in
793 2392 844 2451 tali

80 2495 154 2555 titio.
177 2492 254 2552 Huic
270 2509 385 2570 quoque
401 2490 506 2548 conl'ert
529 2486 557 2547 id
577 2486 654 2566 quod
673 2489 714 2547 ait
728 2486 846 2549 Rituale

80 2606 243 2660 romanum,
266 2583 375 2662 agendo
398 2582 435 2643 de
456 2583 624 2642 Poenitentia
641 2585 700 2642 :ln
715 2596 843 2661 peccota

40 2702 45 2717 ¹
71 2681 162 2756 focile
185 2678 385 2741 recidentibus
404 2676 706 2752 utilissimum-suerit
728 2700 841 2739 consu-

76 2772 134 2839 lere
154 2787 191 2836 ret
210 2792 292 2848 scepe
315 2772 547 2850 confirmatum
575 2784 605 2830 et
627 2775 654 2831 si
674 2773 843 2850 expediat,

74 2867 310 2931 communicent.
335 2866 371 2925 Et
384 2864 505 2926 dicendo
508 2868 604 2944 focile
618 2868 820 2928 recidentibus
830 2909 850 2949 ‚-

105 3062 146 3121 (r)
164 3058 203 3111 De
214 3054 310 3107 Poenit.
327 3069 351 3104 c·
363 3058 377 3104 5
386 3087 395 3118 ,
410 3069 485 3106 num.
499 3059 545 3119 67,
560 3055 588 3104 in
602 3052 663 3105 fine.

102 3158 150 3223 (e)
165 3150 222 3207 Lib·
236 3157 267 3216 5,
282 3166 305 3202 c.
315 3147 356 3206 13.
456 3149 495 3215 (d)
512 3147 617 3218 caps,
629 3164 741 3204 numm
