1956 3608
120 214 160 253 22
280 216 286 225 '
340 200 444 248 mins
463 202 667 253 CONFESSAMI·
743 201 748 209 ’

45 304 53 329 ⁸
164 301 211 362 16.
225 295 364 358 Remedia
375 295 661 374 autemparticularia
671 295 904 373 assignabuntur·

121 415 173 475 pro
192 395 329 455 vitiorum
345 391 533 452 diversitates
553 413 582 452 v.
594 411 658 469 gn,
676 390 717 452 illi
730 394 779 472 qui
796 391 895 472 aliquo

120 484 187 546 odio
201 495 330 560 tenetur,
349 487 509 545 insinuetur
522 494 559 544 ut·
569 483 697 564 quotidie
712 484 896 546 commendet

120 580 186 640 Deo
201 579 282 639 iilum
304 599 392 659 quem
408 578 491 654 odit,
519 577 663 640 recitando
684 599 736 659 pro
751 582 813 660 ipso
831 599 897 640 ora·

120 677 228 735 tionem
247 674 448 737 dominicalem
460 685 489 736 et
502 674 702 736 salutationem
718 675 874 752 angelicam
886 697 895 750 ς

120 777 238 829 etcum
262 787 292 827 se
315 769 528 828 turbari-sentit
549 770 686 828 memoria
708 769 828 844 injuriae-
841 758 896 830 sibi

121 857 224 937 illatae,
238 862 438 944 reminiscatur
457 858 698 920 contumeliarum
713 859 820 938 quibus
836 862 897 940 ipse

120 953 218 1015 Deum
232 953 335 1015 affecit.
350 955 394 1013 liii
409 954 458 1032 qui
474 956 503 1012 in
514 961 629 1032 mnata
644 955 736 1032 turpia
748 953 896 1033 prolapsus

121 1054 183 1120 est,
200 1054 232 1103 ut
251 1047 343 1104 otium
361 1047 451 1116 vitet,
471 1042 561 1103 malos
584 1045 674 1102 socios
692 1053 721 1102 et
736 1047 897 1104 ooasiones

121 1138 274 1216 aufugiat,⁸
294 1148 323 1198 et
344 1136 386 1197 illi
404 1138 456 1216 qui
470 1136 602 1197 habitum
623 1154 745 1217 pravum
765 1157 815 1217 per
830 1138 898 1198 lon-

120 1249 190 1308 gum
209 1238 321 1310 tempus
335 1228 521 1294 contraxitin
534 1227 588 1290 hoc
608 1229 701 1302 vitio,
728 1238 834 1288 utnon
849 1248 898 1288 so·

123 1320 184 1380 lum
199 1322 271 1382 vitet
281 1323 432 1400 ¹proximas
446 1321 626 1392 occasiones,
645 1317 694 1378 sed
708 1322 794 1379 etiarn
808 1340 897 1399 quas·

121 1412 191 1474 (iam
217 1422 360 1487 remotas,
385 1431 451 1493 quae
466 1414 520 1472 sibi
535 1421 593 1473 tam
609 1411 748 1472 debili-ad
766 1414 898 1473 resisten-

122 1508 194 1571 dum
210 1507 290 1570 facte
308 1517 392 1567 erunt
407 1509 552 1587 proxima.
578 1505 653 1566 Huic
676 1509 818 1587 praecipue
839 1510 897 1567 im·

122 1610 265 1688 ponatur,
292 1620 329 1661 ne
357 1620 487 1681 unquam
514 1602 685 1660 intermittat
712 1602 829 1661 recitare
855 1612 898 1663 ter

123 1690 323 1753 salutationem
353 1692 508 1771 angelicam
536 1693 566 1750 in
596 1689 732 1753 honorem
765 1695 898 1773 puritatis

39 1849 41 1855 ,
123 1787 299 1848 Beatissimae
308 1786 455 1864 Virginis;
469 1805 554 1846 mane
564 1794 592 1844 et
600 1788 730 1866 vesperi,
745 1785 898 1866 repetendo

124 1899 236 1961 semper
249 1899 344 1942 coram
359 1883 421 1957 ejus
434 1881 558 1958 imagine
572 1882 746 1960 propositum
761 1896 819 1939 non
831 1900 898 1961 pec·

123 1975 208 2037 candi
218 2017 227 2050 ,
239 1984 268 2036 et
279 1971 534 2055 supplicationem,
550 1983 583 2033 ut
593 1974 647 2032 sibi
657 1975 897 2052 perseverantiam

124 2071 266 2150 impetret.
282 2070 465 2130 Potissimum
479 2077 577 2129 autem
592 2066 790 2128 Confessarius
801 2077 897 2144 curet,

123 2173 157 2223 ut
171 2164 333 2243 frequenter
346 2163 393 2224 hic
407 2165 622 2237 communicet,
638 2178 704 2222 cum
720 2159 897 2222 Eucharistia

124 2253 237 2315 dicatur
249 2256 354 2314 vinum
366 2254 545 2335 germinans
557 2252 696 2334 virgines.
721 2249 766 2310 lttt
786 2255 836 2331 qui
852 2270 899 2312 so·

123 2345 194 2407 litus
218 2346 272 2407 suit
295 2347 489 2427 blasphemias
513 2345 662 2427 proferre,
686 2346 848 2405 insinuetur
866 2356 899 2406 ut

124 2445 242 2522 novies,
257 2441 304 2504 vei
315 2444 469 2522 quinquies
483 2440 578 2519 lingua
591 2440 682 2516 signet
691 2457 803 2499 crucem
815 2458 899 2521 super

61 2596 68 2615 ‚
125 2544 221 2609 terra,
243 2546 272 2596 et
291 2545 324 2596 ut
347 2535 475 2616 quotidie
496 2534 597 2595 saltem
622 2530 712 2592 semei
738 2530 815 2594 dicat
835 2552 901 2613 ora·

125 2632 233 2695 sionem
257 2628 457 2691 dominicalem
478 2637 507 2688 et
522 2627 721 2689 salutationem
741 2627 903 2706 angelicam

126 2727 157 2786 in
174 2723 311 2785 honorem
326 2718 496 2785 Sanctorum
513 2724 544 2782 in
557 2734 806 2803 quosexsecratus
822 2722 900 2800 init,

126 2828 157 2880 et
168 2828 203 2878 ut
221 2819 349 2898 quolibet
366 2836 451 2878 mane
473 2814 543 2876 dnm
564 2835 580 2876 a
601 2817 699 2877 cubitu
719 2818 830 2896 surgit,
852 2836 901 2878 re·-

127 2922 216 2973 novet
239 2913 414 2992 propositum
438 2912 577 2990 patienter
602 2908 711 2976 ferendi
736 2914 900 2974 occasiones
927 2943 932 2950 ·

127 3002 351 3082 indignationis,
373 3013 401 3064 et
421 3013 463 3064 ter
484 3002 565 3064 dicat-
580 3002 614 3065 tt.
638 3002 750 3083 Virgini
772 3005 900 3085 quolibet

128 3115 232 3158 mane:
249 3095 386 3162 Domino
398 3119 486 3171 meo,
508 3097 593 3160 dono
605 3097 683 3159 milri
695 3098 874 3178 potientium
887 3143 897 3178 ,
