1956 3608
144 176 185 249 24
322 181 337 187 “
363 186 466 233 rnaxrs
487 188 689 232 conrussmn.

142 289 223 359 parte
243 283 353 338 constat
374 295 410 336 err
433 286 474 338 tot
494 278 601 354 legibus
624 278 752 358 positivis
773 285 802 337 et
828 281 917 341 sacris

83 420 88 431 ,
144 372 329 444 Canouibus,
354 390 476 449 quorum
502 370 693 450 intelligentia
715 369 800 429 debet
826 373 915 450 accipi

144 462 302 535 secundum
314 483 395 523 suam
407 484 505 524 veram
515 465 761 542 significationem.
777 463 916 524 Praeterea

144 557 279 638 quaelibet
303 557 406 618 harum
427 558 520 636 legum
543 558 669 619 redditur
690 555 832 632 difficilis,
848 579 916 619 cum

78 720 84 733 ,
145 654 253 712 ratione
272 654 548 714 circumstantiarum
573 673 637 731 quae
659 673 742 723 ¹casus
764 651 918 712 dissimiles

145 742 296 823 efficiunt,
320 746 504 807 resolutiones
523 744 669 806 variandae
689 749 759 805 sint.
786 744 918 823 Quidam

145 841 195 920 qui
209 838 352 914 eruditos,
375 851 403 901 et
415 840 577 919 Theologos
599 860 709 918 magna
723 849 798 901 notae
813 859 843 899 se
858 842 918 916 jac·

145 941 225 1008 tant,
242 931 420 1007 Moralistas,
435 952 506 1009 quos
521 931 678 992 Casuistos
695 931 827 1006 (nornen
839 932 919 1007 igno·

145 1027 242 1085 miniae
266 1023 343 1104 apud
365 1026 466 1101 ipsos)
491 1024 649 1104 appellant,
668 1022 861 1100 dedignantur
879 1043 919 1084 ne

144 1117 248 1174 cursim
263 1113 379 1195 quidem
399 1113 498 1192 legere.
526 1114 636 1174 Dicunt
656 1113 686 1173 hi
710 1112 864 1190 sufficere,
885 1123 919 1175 ut

144 1208 334 1289 confessiones
348 1211 401 1268 rite
415 1210 506 1289 excipi
524 1209 655 1287 possint,
679 1209 815 1288 principia
832 1227 921 1288 gene·

146 1301 214 1362 ralia
230 1301 346 1363 moralis
362 1300 465 1362 callere
482 1323 491 1373 ;
513 1300 569 1360 illis
592 1304 670 1360 euim
695 1319 776 1380 posse
793 1301 920 1380 resolvi,

146 1396 247 1470 aiunt,
265 1413 363 1455 omnes
389 1413 471 1455 casus
497 1393 691 1472 particulares.¹
719 1394 794 1470 Quis
816 1414 919 1472 negare

146 1497 238 1568 potest
254 1507 353 1548 omnes
370 1508 452 1548 rasus
473 1487 655 1566 particulares
671 1505 732 1546 esse
748 1486 792 1547 lris
810 1490 919 1567 princi-

146 1585 200 1662 piis
222 1579 434 1643 resolveudos?
463 1579 521 1640 Sed
550 1590 641 1641 totum
668 1601 764 1661 opus,
793 1591 822 1639 et
842 1591 919 1655 totus

33 1672 36 1677 ’
146 1675 227 1737 labor
247 1686 290 1737 est
313 1678 343 1736 in
366 1673 530 1755 adaptando
551 1674 588 1736 ad
613 1695 695 1736 casus
711 1674 937 1754 particulares,

147 1771 235 1831 tantis
250 1767 370 1828 diversis
387 1768 606 1827 circumstantiis
621 1769 760 1842 irretitos,
780 1769 917 1846 principia

146 1859 334 1938 hujusmodi;
350 1869 439 1938 utque
452 1858 629 1920 discernatur
641 1859 789 1941 quodnam
808 1861 917 1938 princi-

146 1957 258 2035 piorum
287 1954 496 2015 0courrentibus
519 1956 735 2016 circumstantiis
759 1963 917 2029 congruat,

144 2049 248 2127 nequit
261 2045 292 2105 id
306 2047 367 2106 lieri
381 2048 442 2106 siue
456 2066 559 2123 magna
578 2045 751 2107 discussione
772 2046 921 2119 rationum.

146 2160 212 2222 quae
226 2163 277 2220 pro
297 2152 417 2218 utraque
436 2149 513 2219 parte
527 2136 642 2200 adsunt.
666 2139 703 2198 Et
719 2138 773 2200 lroc
787 2148 829 2199 est
842 2138 916 2200 illud

147 2231 226 2311 quod
243 2231 397 2292 Moralistae
411 2228 582 2311 effecerunt,
600 2228 670 2290 dum
688 2228 871 2292 elaborarunt
885 2234 915 2292 in

145 2323 314 2405 explicando
328 2346 343 2384 a
363 2325 468 2402 quibus
490 2326 634 2406 principiis
655 2323 740 2385 multi
754 2344 835 2385 casus
850 2345 916 2405 par-

146 2416 278 2478 ticulares
293 2414 393 2476 resolvi
408 2413 552 2477 deberent.
580 2416 737 2490 Praeterea,
753 2413 806 2477 lrac
819 2425 915 2478 nostra

147 2515 336 2585 tempestate,
358 2515 389 2563 ut
401 2504 509 2567 dictum
523 2514 585 2581 est,
598 2504 704 2566 adsunt
717 2515 758 2566 tot
774 2504 846 2583 leges
860 2528 916 2586 po-

148 2599 261 2670 sitivae,
283 2607 323 2656 tot
336 2595 440 2670 bullae,
461 2607 502 2673 tot
522 2595 656 2672 decreta,
682 2617 746 2677 quae
768 2607 918 2677 nequeunt

148 2692 232 2763 sciri,
245 2691 299 2749 nisi
315 2689 453 2750 Casuistae
463 2688 609 2768 legantur,
622 2693 671 2770 qui
683 2711 715 2752 ea
726 2690 917 2769 collegerunt,

23 2800 26 2805 ·
75 2838 79 2843 .
148 2793 178 2843 et
192 2791 275 2863 prout
287 2785 469 2843 materiarum
480 2785 601 2867 varietas
613 2784 735 2864 postulat
744 2825 754 2860 ,
763 2784 802 2844 ibi
814 2803 917 2864 oppor-

149 2886 219 2936 tune
233 2874 281 2935 illa
297 2863 485 2949 inveniuntur
497 2895 505 2947 ;
519 2873 661 2956 ideoque,
675 2897 731 2957 quo
749 2881 917 2942 recentiores

149 2967 180 3028 lri
196 2967 348 3028 Moralistae
365 2977 456 3043 sunt,
481 2988 515 3029 eo
530 2971 656 3049 antiquis
673 2970 807 3032 utiliores.
834 2972 916 3034 Justa

150 3061 259 3119 ratione
283 3068 377 3120 motus
403 3070 500 3122 auctor
522 3063 741 3125 instructionum
762 3084 813 3144 pro
834 3066 918 3126 novis

733 3155 919 3219 Confessariis
