1956 3608
407 147 409 152 .
654 116 680 157 ΑΙ,

104 214 144 274 7η
325 204 429 252 nuxis
449 207 653 254 confessam.

102 319 140 361 ne
163 296 328 376 hujusmodi
351 301 524 380 suspiciones
543 302 605 361 sine
624 300 792 361 necessitate
808 319 869 361 cun

60 435 63 440 -
101 393 167 454 aliis
179 392 339 453 conterant.

142 488 192 563 47.
214 485 368 564 Reliquum
380 495 456 546 esset
470 505 631 547 mamonem
642 485 734 547 facere
748 484 784 545 de
799 486 873 547 Prae-

99 582 188 658 ceptis
205 577 334 639 Ecclesia
351 600 359 649 ;
388 578 438 640 sed
460 578 496 640 de
519 583 573 655 iis,
594 596 698 658 nempe
715 577 750 637 de
766 577 874 656 obliga·

101 673 178 731 tione
191 669 325 732 audiendi
341 672 461 733 Missam
474 713 485 747 ‚
496 682 525 732 et
537 671 574 732 de
584 692 643 732 non
658 669 816 732 laborando
829 670 873 731 die

99 762 194 840 festo,
220 767 280 842 jam
297 767 366 825 satia
387 785 473 846 supra
490 762 618 826 diximus
629 783 714 825 num.
727 765 767 826 32
782 773 811 825 et
823 765 872 826 33.

100 856 184 919 Circa
199 860 340 937 jejunium
356 869 472 934 autem,
493 861 546 920 tria
560 861 591 919 in
612 856 786 919 confessarii
808 877 871 918 me

99 954 221 1012 moriam
236 972 412 1013 revocamus.
427 953 451 1011 1.
472 950 540 1012 Non
553 971 653 1011 omnes
667 950 777 1011 labores
788 969 874 1012 excu-

99 1062 190 1104 sarea
209 1042 339 1121 jejunio,
372 1043 422 1103 sed
441 1063 491 1102 eos
513 1043 655 1104 duntaxat
675 1045 728 1123 qui
751 1043 872 1105 multam

97 1141 221 1218 corporis
232 1140 414 1216 agitationem
422 1148 541 1199 causant
552 1145 608 1211 (r).
622 1139 661 1198 11.
678 1139 829 1219 operarios
839 1143 873 1200 iis

98 1231 168 1291 solis
180 1230 282 1292 diebus
294 1233 453 1294 excusaria
472 1231 602 1310 jejunio,
628 1234 659 1291 in
681 1233 787 1312 quibus
807 1243 871 1294 actu

100 1322 250 1400 laborant,
270 1336 321 1386 aut
343 1345 410 1386 cum
430 1335 545 1405 sperant
563 1328 685 1386 crastina
701 1324 747 1385 die
762 1325 872 1388 labora·

98 1426 199 1494 turosa
221 1429 249 1479 et
266 1439 323 1479 non
339 1438 420 1498 posse
444 1420 500 1479 nisi
523 1417 569 1478 die
589 1419 760 1498 praecedenti
777 1441 872 1482 come·

98 1509 171 1571 dant
203 1516 275 1583 (2).
321 1512 387 1572 Non
419 1509 550 1572 sufficere
583 1511 619 1571 ad
648 1515 758 1590 ieiunio
789 1517 871 1575 satis·

98 1602 284 1680 faciendum,
304 1615 383 1664 extra
403 1603 556 1685 prandium
574 1613 603 1664 et
616 1625 728 1666 coenam
743 1625 803 1666 non
824 1629 870 1669 co·

98 1695 230 1773 medere,
250 1707 303 1758 aut
327 1717 443 1777 vespere
460 1700 557 1758 minus
581 1697 663 1758 solito
683 1718 816 1775 creuere,
840 1710 872 1761 ut

98 1787 170 1850 saiso
192 1788 418 1850 multi'credunt
440 1811 448 1860 ς
475 1789 620 1867 jejunium
636 1794 714 1852 enim
738 1794 872 1873 importat

97 1887 213 1945 unicam
239 1887 441 1946 comestionem
465 1885 553 1945 facere
571 1888 601 1946 in
621 1885 690 1956 die;
711 1895 739 1946 et
760 1893 870 1969 vesperi

97 1975 178 2053 aliud
198 1997 257 2039 non
277 1980 450 2058 petmittitur
472 2000 560 2059 quam
581 1980 700 2059 simplex
708 1968 871 2042 'collation-

97 2067 161 2129 cula
178 2078 240 2131 octo
256 2072 405 2130 unciarum
420 2072 500 2145 juxta
522 2090 704 2130 communem
718 2084 871 2135 consuetu·

52 2233 55 2239 Ι
96 2158 221 2237 dinem,
243 2172 296 2223 aut
309 2161 346 2221 ad
362 2161 425 2242 pius
440 2161 539 2224 decem
556 2167 646 2223 unciae
667 2175 784 2243 possunt
801 2189 870 2228 con·

98 2252 161 2314 cedi
172 2254 282 2335 iniqui,
293 2257 330 2316 ob
342 2259 479 2333 majorem
493 2258 680 2333 exigentiam,
692 2278 760 2319 usus
772 2261 871 2325 suisset

99 2349 202 2426 majori
228 2352 388 2429 quantitate
418 2349 590 2412 ordinariam
619 2353 771 2416 excedente
800 2361 868 2431 (3).

98 2440 241 2522 Pauperes
253 2463 340 2519 vero,
367 2446 473 2525 quibus
492 2465 579 2505 mane
594 2464 653 2506 non
669 2447 768 2510 fuisset
789 2453 870 2513 cibus

99 2532 268 2611 sufficiens,
297 2547 326 2596 et
352 2557 411 2598 non
435 2547 554 2618 possunt
570 2545 721 2602 sustentari
737 2543 794 2606 sola
815 2547 871 2607 cot·

98 2627 255 2690 latirmcula
270 2633 414 2707 serotina,
430 2632 462 2693 hi
476 2644 647 2696 excusantur
666 2640 724 2712 (4).
743 2641 831 2718 Quod
845 2645 869 2703 si

97 2727 208 2805 vesperi
220 2724 251 2787 hi
265 2725 403 2788 haberent
422 2725 613 2792 sufficientem
627 2734 723 2795 cibum
738 2777 749 2811 ,
770 2735 870 2801 dicunt

132 2916 171 2977 (ι)
187 2913 216 2966 L.
227 2911 262 2976 3,
281 2928 310 2965 u.
322 2923 381 2980 ¹4¹·
583 2922 623 2984 (a)
640 2918 708 2974 Ibid.
720 2937 797 2978 num.
811 2935 868 2994 ¹44·

132 3006 172 3068 (3)
187 3008 268 3059 Num.
282 3014 340 3061 12⁵.

132 3107 171 3168 (4)
187 3105 269 3158 Num.
283 3104 337 3159 123.
350 3123 375 3164 v.
386 3107 517 3165 Secundo.

818 3156 822 3163 “
878 3158 883 3187 i
