1956 3608
584 120 591 153 Ι

233 229 259 303 §.
273 246 319 290 ιν.
338 242 427 288 ornos
441 218 554 288 ruurcrs
569 243 732 290 omorurr.
829 230 869 295 83
889 292 898 311 ,Ι

99 335 147 397 tirn
166 333 262 396 dondo
282 354 387 397 merces
407 333 445 396 sd
461 333 624 410 creditum,
647 355 711 396 curn
728 343 871 417 emptores

97 440 189 492 essent
197 432 305 505 securi,
325 440 353 491 et
363 429 435 491 nihii
446 428 545 490 darnui
555 433 616 511 ipse
625 439 699 490 esset
710 430 871 511 passurus?

96 524 141 585 Au
156 535 252 586 autern
270 527 392 606 pretiuru
412 527 507 599 augeri
526 527 634 604 possit,
658 522 814 586 vendendo
833 524 872 586 ud

95 618 256 692 credituro,
278 639 312 680 eo
324 617 402 700 quod
423 617 478 679 tale
497 627 539 677 est
561 621 682 698 pretium
703 639 819 683 currens
839 622 870 682 in

94 711 309 775 venditionibus
328 711 366 773 ad
388 710 555 786 creditum,
582 711 662 789 juxta
682 732 870 799 conrgnuuern

94 812 310 871 animationem
330 807 344 868 i
362 809 400 867 Et
413 826 450 868 an
465 826 533 881 res,
552 827 618 888 qnae
636 805 800 869 venduntur
813 813 872 870 rui-

94 905 218 965 nutotirn
229 944 239 978 ,
251 904 343 963 carius
354 902 463 980 possint
473 898 560 961 vendi
572 899 585 958 i
597 902 714 962 observo
727 899 871 964 doctrinas

94 1000 121 1059 in
137 998 212 1058 libro
224 995 404 1064 adnotatas(
424 995 450 1070 ).

117 1094 181 1154 so.
201 1090 339 1167 Decimo,
350 1093 372 1151 si
384 1088 493 1152 accedit
502 1098 607 1166 sartor,
619 1092 825 1169 interrogetur,
842 1114 867 1153 1.

93 1200 129 1250 en
142 1188 173 1249 iu
187 1183 290 1247 diebus
309 1184 419 1247 festivis
437 1204 485 1266 per
503 1184 630 1246 notabile
652 1194 765 1264 ternpus
785 1184 869 1246 tato-

92 1281 196 1341 rsverit
210 1281 272 1339 sine
285 1277 506 1338 extraordinaria
521 1298 605 1339 causa
618 1320 627 1354 ,
642 1287 674 1338 ut
689 1289 780 1339 vestes
792 1299 869 1339 com·

93 1368 198 1453 pieret,
215 1381 244 1431 et
258 1369 382 1430 dominis
396 1369 508 1432 afferret
528 1376 588 1445 (2)
611 1372 624 1432 i
649 1393 679 1433 2.
694 1372 742 1431 An
757 1369 866 1450 jejunia

91 1465 250 1546 impleverit
259 1466 297 1526 ab
312 1465 435 1527 Ecclesia
446 1467 604 1547 praecepta?
619 1486 686 1527 narn
698 1475 820 1528 sartores
830 1468 867 1527 ob

92 1558 228 1623 suendi
250 1558 375 1621 iaborem
401 1562 522 1620 ruiniroe
545 1580 560 1618 a
587 1550 701 1637 jejuniis
722 1581 867 1623 excusan-

92 1663 137 1717 tur
147 1656 204 1727 (3).
212 1655 241 1716 3.
253 1653 312 1728 An,
321 1655 344 1713 si
352 1652 400 1714 atti
409 1655 603 1716 commiserint
610 1655 635 1711 ei
645 1673 754 1733 pannos
761 1674 866 1728 emere,

90 1749 150 1829 ipse
169 1750 291 1828 pretium
314 1751 410 1826 majus
433 1749 579 1826 exegerit,
606 1748 661 1807 sub
676 1747 768 1808 colore
787 1748 866 1828 quod

90 1850 237 1916 mercator,
249 1843 287 1902 ob
297 1841 466 1922 peculiarem
475 1843 629 1903 amicitiant
639 1885 647 1916 ,
657 1845 748 1923 pretio
762 1845 866 1904 minori
895 1871 897 1874 >

91 1952 201 2014 ponnus
226 1937 251 1993 ei
277 1931 421 1992 dederit?
446 1932 478 1992 Si
501 1950 598 1993 revera
624 1954 689 2013 pars
713 1934 760 1994 illa
783 1937 866 2014 pretii

90 2027 188 2089 fuisset
210 2030 263 2109 ipsi
281 2027 411 2102 donato,
434 2036 503 2088 tunc
524 2029 625 2108 poterit
647 2047 710 2087 earn
734 2033 867 2106 exigere,

91 2119 176 2181 nrodo
186 2118 322 2180 rnoruiern
335 2121 503 2200 praemiserit
515 2117 690 2198 diligentiam
705 2119 782 2202 apud
796 2121 868 2180 aiios

90 2224 276 2293 mercatores,
301 2224 352 2275 aut
374 2224 451 2276 certo
471 2217 542 2277 sciat
562 2214 640 2295 quod
661 2214 709 2277 aiii
731 2234 866 2277 coturnu-

90 2312 163 2369 uitor
184 2326 313 2368 «mercem
336 2307 415 2368 ittam
439 2311 541 2368 minori
567 2328 627 2368 non
651 2309 782 2371 vendunt
800 2331 866 2392 pre·

92 2404 130 2462 tio
149 2403 195 2474 (4)
212 2419 222 2469 3
242 2399 297 2462 hoc
315 2409 412 2461 tamen
428 2399 511 2461 debet
529 2420 589 2460 esse
604 2406 722 2462 omniuo
736 2413 866 2482 certurn,

92 2495 217 2575 alioquin
227 2493 300 2553 nihii
310 2494 434 2576 amplius
447 2504 537 2574 potest
549 2497 658 2573 exigere
671 2515 759 2575 quarn
769 2496 866 2577 scivit.

93 2594 119 2664 4.
143 2591 190 2647 An
214 2587 268 2645 sibi
292 2589 439 2647 retinuerit
460 2586 605 2661 frustula,
630 2591 691 2648 sive
708 2593 865 2669 resegminu

93 2683 239 2754 restium,
266 2696 337 2758 quas
352 2681 458 2756 injuste
480 2682 604 2757 retinet,
628 2683 683 2742 nisi
701 2681 776 2744 adsit
797 2702 866 2744 con·

124 2858 166 2921 (ι)
182 2857 265 2911 Num·
279 2859 341 2925 ⁸⁰⁹·

124 2957 164 3018 tn)
184 2952 237 3005 Lib·
252 2954 286 3014 3,
302 2969 378 3006 nom.
391 2953 455 3015 dod,
466 2969 491 3006 u.
503 2953 662 3005 Sertoribur.

125 3049 163 3113 id)
184 3049 264 3101 Num.
280 3056 341 3111 rotr
353 3083 360 3106 ,
374 3063 399 3099 v.
410 3046 616 3101 Borbitousores.
637 3084 642 3094 .

126 3149 165 3213 (4)
182 3143 238 3197 Lib.
250 3144 284 3207 3,
302 3159 378 3200 nutu.
389 3145 457 3208 816,
473 3159 499 3198 v.
511 3144 603 3205 Caute.
