1956 3608
100 189 158 262 rit,
315 200 421 244 nasu
442 197 647 243 consessuri.

96 297 242 375 imponere
255 300 289 351 ut
302 289 407 351 redeat.
431 290 470 350 ttr
488 293 512 348 si
527 291 558 348 in
580 306 728 367 progressu
745 287 862 349 Confes-

97 389 185 447 sionis
198 383 228 444 id
242 382 423 456 adverteret,
439 401 476 443 eo
491 378 570 460 quod
591 379 737 441 Poeuitens
752 381 861 441 minime

99 478 248 558 adaquato
263 477 530 554 interrogationibus
549 473 719 554 respondet,
738 484 808 537 tunc
819 491 863 533 ue·

98 573 162 650 quit
182 567 381 629 confessarius
401 569 427 626 ei
444 568 594 644 injungere
610 565 668 626 afta
687 586 760 626 voce
778 558 864 625 utre-

99 661 184 737 dent,
206 665 246 722 ita
267 670 301 722 ut
319 664 534 723 circumstantes
557 660 611 722 hoc
633 659 757 721 audiant
776 682 784 731 ;
805 661 864 740 quia

99 760 288 838 suspicionem
307 754 424 836 quidem
440 753 497 814 iilis
510 757 649 832 ingereret
663 795 673 828 ,
688 753 767 834 quod
781 753 867 814 Poni-

98 863 164 913 teus
173 851 300 913 confessa
309 848 389 915 sitde
398 849 495 930 aliqua
506 847 700 928 gravr'culpa,
714 859 767 909 aut
776 847 866 910 saltem

100 945 188 1007 dubie
197 966 287 1024 gravi
306 946 637 1043 Qppproptereocasu,
647 938 868 1024 etiamsiipsade

100 1040 198 1119 aliquo
210 1026 419 1111 mortaiiffirit
429 1036 582 1111 confessa,
599 1057 664 1097 eam
680 1037 812 1098 absolute
825 1036 869 1097 ab·

100 1120 595 1212 solvat,s1dispositimaguoscat;
610 1130 869 1210 alroannabsotvat

101 1225 346 1299 suhoouditione,
336 1247 344 1262 ·
356 1227 463 1287 etenim
475 1244 529 1300 ,ne
538 1222 663 1302 sigillum
674 1224 805 1301 frangat,
811 1234 870 1284 tuoc

101 1322 203 1398 nequit
215 1322 355 1380 certiorari
369 1317 405 1378 de
415 1319 490 1378 itlius
501 1317 686 1397 dispositione
697 1338 817 1400 ,meque
829 1322 871 1387 (ot

102 1410 183 1482 dixi)
195 1419 285 1490 potest
293 1413 318 1469 ei
330 1413 478 1488 injungere
491 1419 523 1469 ut
535 1407 649 1479 redeat,
664 1419 693 1469 et
704 1419 773 1471 tunc
788 1409 871 1471 teron

101 1507 128 1564 ei
144 1507 274 1583 imponat
288 1506 504 1584 penitentiam,
527 1523 596 1564 cum
610 1503 767 1564 satisfactio
782 1503 828 1565 iiia
842 1501 871 1563 ob

105 1593 274 1659 surditatem
290 1600 378 1659 etiam
390 1599 427 1660 ab
441 1598 504 1659 aliis
518 1595 662 1659 audienda
677 1608 751 1658 esset
763 1602 821 1671 (ι.)

103 1757 131 1832 §.
141 1758 182 1820 V.
206 1759 368 1840 Quomodo
380 1779 411 1818 se
420 1778 527 1837 gerere
536 1758 644 1820 debent
657 1757 869 1832 confessarius

346 1873 417 1913 cum
429 1852 635 1913 Moribnndis.

148 2008 212 2072 105.
234 2010 460 2072 Conressnnros
481 2014 513 2073 in
534 2011 709 2091 excipiendis
730 2015 875 2077 moribun·

103 2103 207 2166 dorum
231 2104 480 2178 confessionibus,
507 2122 566 2162 non
592 2103 675 2165 debet
699 2115 759 2166 tam
785 2114 876 2169 exacte

104 2197 253 2278 procedere
275 2200 347 2258 circa
373 2216 549 2272 numerum,
578 2206 607 2257 et
630 2199 878 2271 circumstantias,

104 2292 259 2371 presertim
281 2293 304 2349 si
321 2292 380 2367 jam
395 2292 555 2350 accessisset
571 2289 702 2351 sacerdos
725 2313 792 2352 cum
815 2295 877 2352 via-

103 2383 180 2454 tico,
204 2389 255 2441 aut
277 2383 300 2440 si
315 2379 443 2442 medicus
463 2385 601 2455 instaret,
619 2391 652 2441 ut
667 2384 723 2443 cito
742 2386 877 2445 viaticum

105 2477 294 2556 suscipiatur;
324 2487 393 2538 tunc
415 2479 493 2536 enim
517 2474 619 2534 melius
638 2485 682 2535 est
704 2476 741 2536 ad
761 2476 878 2559 disposi-

105 2574 212 2630 tionem
236 2570 419 2647 Poenitentis,
445 2589 533 2649 quam
549 2567 587 2628 ad
602 2569 788 2634 confessionis
805 2577 880 2634 inte-

105 2665 236 2741 gritatem
251 2663 407 2725 attendere.
429 2661 542 2725 Sufficit
558 2673 624 2725 tunc
639 2666 786 2746 imponere
800 2668 880 2729 infir·

106 2778 173 2835 mo,
187 2766 238 2832 nt,
252 2779 317 2819 curn
328 2759 523 2834 convaluerit,
536 2758 751 2822 confessionem
764 2772 880 2845 repetat.

107 2852 146 2914 Et
158 2852 312 2913 satisfactio
334 2855 371 2912 sit
388 2853 550 2927 levissima,
574 2854 750 2932 imponendo
763 2868 885 2940 proposi

107 2949 247 3007 tionatam
261 2967 312 3028 pro
326 2956 451 3028 ternpore
466 2967 524 3028 quo
544 2945 592 3008 itte
610 2948 789 3016 convalescet
804 2973 813 3026 ι
836 2946 879 3013 vel

146 3105 184 3167 (ι)
203 3104 285 3156 Νιιιιι.
296 3110 354 3170 643.
367 3122 391 3162 v·
404 3108 489 3160 Peter.

814 3191 879 3255 satis
