<?xml version="1.0" encoding="UTF-8"?>
<!DOCTYPE html PUBLIC "-//W3C//DTD XHTML 1.0 Transitional//EN"
    "http://www.w3.org/TR/xhtml1/DTD/xhtml1-transitional.dtd">
<html xmlns="http://www.w3.org/1999/xhtml" xml:lang="en" lang="en">
 <head>
  <title>
</title>
<meta http-equiv="Content-Type" content="text/html;charset=utf-8" />
  <meta name='ocr-system' content='tesseract 3.04.00' />
  <meta name='ocr-capabilities' content='ocr_page ocr_carea ocr_par ocr_line ocrx_word'/>
</head>
<body>
  <div class='ocr_page' id='page_1' title='image "./praxiaconfessar00ligugoog/praxiaconfessar00ligugoog_0156.png"; bbox 0 0 1956 3608; ppageno 0'>
   <div class='ocr_carea' id='block_1_1' title="bbox 204 234 829 308">
    <p class='ocr_par' dir='ltr' id='par_1_1' title="bbox 204 234 829 308">
     <span class='ocr_line' id='line_1_1' title="bbox 204 234 829 308; baseline -0.014 -14"><span class='ocrx_word' id='word_1_1' title='bbox 204 234 232 306; x_wconf 88' lang='lat'><strong>§.</strong></span> <span class='ocrx_word' id='word_1_2' title='bbox 247 250 290 294; x_wconf 84' lang='lat' dir='ltr'><strong>rr.</strong></span> <span class='ocrx_word' id='word_1_3' title='bbox 311 250 378 290; x_wconf 84' lang='lat' dir='ltr'><strong>cun</strong></span> <span class='ocrx_word' id='word_1_4' title='bbox 392 248 500 290; x_wconf 65' lang='grc' dir='ltr'>ωριτε</span> <span class='ocrx_word' id='word_1_5' title='bbox 514 246 684 289; x_wconf 72' lang='lat' dir='ltr'><strong>uauulurs.</strong></span> <span class='ocrx_word' id='word_1_6' title='bbox 778 234 829 308; x_wconf 70' lang='lat'><strong>¹47</strong></span> 
     </span>
    </p>
   </div>
   <div class='ocr_carea' id='block_1_2' title="bbox 10 333 912 3055">
    <p class='ocr_par' dir='ltr' id='par_1_2' title="bbox 10 333 912 3055">
     <span class='ocr_line' id='line_1_2' title="bbox 63 333 836 419; baseline -0.012 -17"><span class='ocrx_word' id='word_1_7' title='bbox 63 349 183 404; x_wconf 83' lang='lat' dir='ltr'><strong>moriem</strong></span> <span class='ocrx_word' id='word_1_8' title='bbox 196 347 309 419; x_wconf 73' lang='lat' dir='ltr'><strong>propter</strong></span> <span class='ocrx_word' id='word_1_9' title='bbox 331 356 381 398; x_wconf 83' lang='lat' dir='ltr'><strong>sua</strong></span> <span class='ocrx_word' id='word_1_10' title='bbox 404 346 516 416; x_wconf 72' lang='lat' dir='ltr'><strong>peecata</strong></span> <span class='ocrx_word' id='word_1_11' title='bbox 540 333 738 416; x_wconf 85' lang='lat' dir='ltr'><strong>acceptando,</strong></span> <span class='ocrx_word' id='word_1_12' title='bbox 762 344 836 394; x_wconf 81' lang='lat' dir='ltr'><strong>cene</strong></span> 
     </span>
     <span class='ocr_line' id='line_1_3' title="bbox 63 427 834 509; baseline -0.009 -13"><span class='ocrx_word' id='word_1_13' title='bbox 63 435 161 497; x_wconf 78' lang='lat' dir='ltr'><strong>saluus</strong></span> <span class='ocrx_word' id='word_1_14' title='bbox 172 441 234 507; x_wconf 80' lang='lat' dir='ltr'><strong>eat,</strong></span> <span class='ocrx_word' id='word_1_15' title='bbox 260 442 290 493; x_wconf 86' lang='lat' dir='ltr'><strong>et</strong></span> <span class='ocrx_word' id='word_1_16' title='bbox 303 452 369 495; x_wconf 89' lang='lat' dir='ltr'><strong>curn</strong></span> <span class='ocrx_word' id='word_1_17' title='bbox 386 450 490 509; x_wconf 77' lang='lat' dir='ltr'><strong>magno</strong></span> <span class='ocrx_word' id='word_1_18' title='bbox 507 430 738 506; x_wconf 63' lang='lat' dir='ltr'><strong>mentasanus,</strong></span> <span class='ocrx_word' id='word_1_19' title='bbox 756 427 834 489; x_wconf 82' lang='lat' dir='ltr'><strong>unde</strong></span> 
     </span>
     <span class='ocr_line' id='line_1_4' title="bbox 63 525 837 607; baseline -0.012 -16"><span class='ocrx_word' id='word_1_20' title='bbox 63 535 94 591; x_wconf 94' lang='lat' dir='ltr'><strong>in</strong></span> <span class='ocrx_word' id='word_1_21' title='bbox 108 527 188 590; x_wconf 85' lang='lat' dir='ltr'><strong>Coelo</strong></span> <span class='ocrx_word' id='word_1_22' title='bbox 200 525 301 606; x_wconf 80' lang='lat' dir='ltr'><strong>grandi</strong></span> <span class='ocrx_word' id='word_1_23' title='bbox 316 525 544 586; x_wconf 79' lang='lat' dir='ltr'>remunerabitur</span> <span class='ocrx_word' id='word_1_24' title='bbox 556 529 680 607; x_wconf 80' lang='lat' dir='ltr'><strong>praenrio.</strong></span> <span class='ocrx_word' id='word_1_25' title='bbox 704 525 837 586; x_wconf 82' lang='lat' dir='ltr'><strong>lneinuet</strong></span> 
     </span>
     <span class='ocr_line' id='line_1_5' title="bbox 63 615 836 702; baseline -0.013 -20"><span class='ocrx_word' id='word_1_26' title='bbox 63 624 89 682; x_wconf 89' lang='lat' dir='ltr'><strong>ei</strong></span> <span class='ocrx_word' id='word_1_27' title='bbox 116 629 232 702; x_wconf 70' lang='lat' dir='ltr'><strong>posim,</strong></span> <span class='ocrx_word' id='word_1_28' title='bbox 262 626 296 677; x_wconf 80' lang='lat' dir='ltr'><strong>ul</strong></span> <span class='ocrx_word' id='word_1_29' title='bbox 323 615 518 689; x_wconf 79' lang='lat' dir='ltr'><strong>confiteatur,</strong></span> <span class='ocrx_word' id='word_1_30' title='bbox 546 624 574 675; x_wconf 84' lang='lat' dir='ltr'><strong>et</strong></span> <span class='ocrx_word' id='word_1_31' title='bbox 599 618 695 691; x_wconf 82' lang='lat' dir='ltr'><strong>omnia</strong></span> <span class='ocrx_word' id='word_1_32' title='bbox 722 627 836 697; x_wconf 71' lang='lat' dir='ltr'><strong>peccata</strong></span> 
     </span>
     <span class='ocr_line' id='line_1_6' title="bbox 62 708 836 791; baseline -0.003 -15"><span class='ocrx_word' id='word_1_33' title='bbox 62 735 114 777; x_wconf 78' lang='lat' dir='ltr'><strong>sua</strong></span> <span class='ocrx_word' id='word_1_34' title='bbox 133 714 221 774; x_wconf 88' lang='lat' dir='ltr'><strong>libere</strong></span> <span class='ocrx_word' id='word_1_35' title='bbox 236 711 410 773; x_wconf 69' lang='lat' dir='ltr'>manifestet.</span> <span class='ocrx_word' id='word_1_36' title='bbox 439 708 582 791; x_wconf 80' lang='lat' dir='ltr'><strong>Praecipue</strong></span> <span class='ocrx_word' id='word_1_37' title='bbox 599 713 774 786; x_wconf 75' lang='lat' dir='ltr'><strong>interroget,</strong></span> <span class='ocrx_word' id='word_1_38' title='bbox 798 730 836 774; x_wconf 85' lang='lat' dir='ltr'><strong>au</strong></span> 
     </span>
     <span class='ocr_line' id='line_1_7' title="bbox 63 803 839 885; baseline -0.006 -14"><span class='ocrx_word' id='word_1_39' title='bbox 63 808 128 871; x_wconf 87' lang='lat' dir='ltr'><strong>odio</strong></span> <span class='ocrx_word' id='word_1_40' title='bbox 141 807 279 869; x_wconf 87' lang='lat' dir='ltr'><strong>adversus</strong></span> <span class='ocrx_word' id='word_1_41' title='bbox 303 805 429 885; x_wconf 85' lang='lat' dir='ltr'><strong>aliquem</strong></span> <span class='ocrx_word' id='word_1_42' title='bbox 444 803 604 864; x_wconf 77' lang='lat' dir='ltr'><strong>teneatur?</strong></span> <span class='ocrx_word' id='word_1_43' title='bbox 628 805 664 863; x_wconf 83' lang='lat' dir='ltr'><strong>El</strong></span> <span class='ocrx_word' id='word_1_44' title='bbox 686 823 725 862; x_wconf 89' lang='lat' dir='ltr'><strong>an</strong></span> <span class='ocrx_word' id='word_1_45' title='bbox 745 815 839 866; x_wconf 77' lang='lat' dir='ltr'><strong>servet</strong></span> 
     </span>
     <span class='ocr_line' id='line_1_8' title="bbox 63 897 849 981; baseline -0.006 -17"><span class='ocrx_word' id='word_1_46' title='bbox 63 923 161 967; x_wconf 80' lang='lat' dir='ltr'><strong>aecum</strong></span> <span class='ocrx_word' id='word_1_47' title='bbox 182 899 335 981; x_wconf 78' lang='lat' dir='ltr'><strong>particulas</strong></span> <span class='ocrx_word' id='word_1_48' title='bbox 351 908 547 973; x_wconf 82' lang='lat' dir='ltr'><strong>consecratas,</strong></span> <span class='ocrx_word' id='word_1_49' title='bbox 570 908 621 959; x_wconf 87' lang='lat' dir='ltr'><strong>aut</strong></span> <span class='ocrx_word' id='word_1_50' title='bbox 643 897 739 957; x_wconf 85' lang='lat' dir='ltr'><strong>oleum</strong></span> <span class='ocrx_word' id='word_1_51' title='bbox 752 918 849 960; x_wconf 83' lang='lat' dir='ltr'><strong>sanc-·</strong></span> 
     </span>
     <span class='ocr_line' id='line_1_9' title="bbox 63 991 841 1072; baseline -0.005 -15"><span class='ocrx_word' id='word_1_52' title='bbox 63 1004 151 1069; x_wconf 77' lang='lat' dir='ltr'><strong>lam,</strong></span> <span class='ocrx_word' id='word_1_53' title='bbox 176 1001 227 1053; x_wconf 86' lang='lat' dir='ltr'><strong>aut</strong></span> <span class='ocrx_word' id='word_1_54' title='bbox 249 992 453 1071; x_wconf 72' lang='lat' dir='ltr'><strong>superstitiosas</strong></span> <span class='ocrx_word' id='word_1_55' title='bbox 476 991 660 1072; x_wconf 77' lang='lat' dir='ltr'><strong>scripturas?</strong></span> <span class='ocrx_word' id='word_1_56' title='bbox 685 991 841 1070; x_wconf 83' lang='lat' dir='ltr'><strong>Inlenoget</strong></span> 
     </span>
     <span class='ocr_line' id='line_1_10' title="bbox 62 1085 841 1169; baseline -0.003 -17"><span class='ocrx_word' id='word_1_57' title='bbox 62 1096 174 1167; x_wconf 80' lang='lat' dir='ltr'><strong>eliam,</strong></span> <span class='ocrx_word' id='word_1_58' title='bbox 189 1108 227 1149; x_wconf 89' lang='lat' dir='ltr'><strong>an</strong></span> <span class='ocrx_word' id='word_1_59' title='bbox 241 1085 357 1168; x_wconf 85' lang='lat' dir='ltr'><strong>aliquod</strong></span> <span class='ocrx_word' id='word_1_60' title='bbox 372 1090 465 1149; x_wconf 76' lang='lat' dir='ltr'><strong>inierit</strong></span> <span class='ocrx_word' id='word_1_61' title='bbox 479 1109 543 1150; x_wconf 83' lang='lat' dir='ltr'><strong>curu</strong></span> <span class='ocrx_word' id='word_1_62' title='bbox 556 1087 686 1150; x_wconf 83' lang='lat' dir='ltr'><strong>daenrune</strong></span> <span class='ocrx_word' id='word_1_63' title='bbox 700 1099 814 1169; x_wconf 82' lang='lat' dir='ltr'><strong>paulurn</strong></span> <span class='ocrx_word' id='word_1_64' title='bbox 828 1087 841 1150; x_wconf 86' lang='lat'>?</span> 
     </span>
     <span class='ocr_line' id='line_1_11' title="bbox 64 1182 841 1264; baseline -0.004 -17"><span class='ocrx_word' id='word_1_65' title='bbox 64 1186 222 1264; x_wconf 75' lang='lat' dir='ltr'><strong>Postquain</strong></span> <span class='ocrx_word' id='word_1_66' title='bbox 240 1192 336 1242; x_wconf 77' lang='lat' dir='ltr'><strong>aulem</strong></span> <span class='ocrx_word' id='word_1_67' title='bbox 354 1200 420 1242; x_wconf 87' lang='lat' dir='ltr'><strong>euru</strong></span> <span class='ocrx_word' id='word_1_68' title='bbox 441 1182 616 1256; x_wconf 77' lang='lat' dir='ltr'><strong>absolverit,</strong></span> <span class='ocrx_word' id='word_1_69' title='bbox 640 1192 719 1243; x_wconf 77' lang='lat' dir='ltr'><strong>curet</strong></span> <span class='ocrx_word' id='word_1_70' title='bbox 740 1193 772 1242; x_wconf 84' lang='lat' dir='ltr'><strong>ut</strong></span> <span class='ocrx_word' id='word_1_71' title='bbox 794 1182 841 1244; x_wconf 91' lang='lat' dir='ltr'><strong>ille</strong></span> 
     </span>
     <span class='ocr_line' id='line_1_12' title="bbox 65 1276 840 1363; baseline -0.004 -22"><span class='ocrx_word' id='word_1_72' title='bbox 65 1280 173 1363; x_wconf 84' lang='lat' dir='ltr'><strong>pluries</strong></span> <span class='ocrx_word' id='word_1_73' title='bbox 189 1278 382 1337; x_wconf 79' lang='lat' dir='ltr'><strong>communicet</strong></span> <span class='ocrx_word' id='word_1_74' title='bbox 404 1281 502 1344; x_wconf 82' lang='lat' dir='ltr'><strong>(usus</strong></span> <span class='ocrx_word' id='word_1_75' title='bbox 521 1278 574 1336; x_wconf 85' lang='lat' dir='ltr'><strong>isle</strong></span> <span class='ocrx_word' id='word_1_76' title='bbox 586 1279 617 1336; x_wconf 89' lang='lat' dir='ltr'><strong>in</strong></span> <span class='ocrx_word' id='word_1_77' title='bbox 636 1277 729 1338; x_wconf 89' lang='lat' dir='ltr'><strong>Gallia</strong></span> <span class='ocrx_word' id='word_1_78' title='bbox 747 1276 840 1338; x_wconf 89' lang='lat' dir='ltr'><strong>locum</strong></span> 
     </span>
     <span class='ocr_line' id='line_1_13' title="bbox 65 1368 840 1454; baseline -0.005 -17"><span class='ocrx_word' id='word_1_79' title='bbox 65 1373 268 1446; x_wconf 81' lang='lat' dir='ltr'><strong>nonhabet),</strong></span> <span class='ocrx_word' id='word_1_80' title='bbox 284 1368 428 1431; x_wconf 86' lang='lat' dir='ltr'><strong>monendo</strong></span> <span class='ocrx_word' id='word_1_81' title='bbox 441 1374 526 1432; x_wconf 80' lang='lat' dir='ltr'><strong>eliam</strong></span> <span class='ocrx_word' id='word_1_82' title='bbox 543 1382 574 1432; x_wconf 84' lang='lat' dir='ltr'><strong>ul</strong></span> <span class='ocrx_word' id='word_1_83' title='bbox 591 1373 753 1454; x_wconf 81' lang='lat' dir='ltr'><strong>frequenter</strong></span> <span class='ocrx_word' id='word_1_84' title='bbox 767 1374 840 1433; x_wconf 83' lang='lat' dir='ltr'><strong>Dei-</strong></span> 
     </span>
     <span class='ocr_line' id='line_1_14' title="bbox 67 1465 841 1551; baseline 0 -21"><span class='ocrx_word' id='word_1_85' title='bbox 67 1490 142 1551; x_wconf 78' lang='lat' dir='ltr'><strong>perre</strong></span> <span class='ocrx_word' id='word_1_86' title='bbox 157 1465 397 1540; x_wconf 73' lang='lat' dir='ltr'><strong>recommendet,</strong></span> <span class='ocrx_word' id='word_1_87' title='bbox 419 1476 451 1528; x_wconf 81' lang='lat' dir='ltr'><strong>ut</strong></span> <span class='ocrx_word' id='word_1_88' title='bbox 463 1469 569 1528; x_wconf 85' lang='lat' dir='ltr'><strong>bonam</strong></span> <span class='ocrx_word' id='word_1_89' title='bbox 583 1471 637 1548; x_wconf 87' lang='lat' dir='ltr'><strong>ipsi</strong></span> <span class='ocrx_word' id='word_1_90' title='bbox 653 1480 774 1530; x_wconf 84' lang='lat' dir='ltr'><strong>mortem</strong></span> <span class='ocrx_word' id='word_1_91' title='bbox 789 1471 841 1531; x_wconf 88' lang='lat' dir='ltr'><strong>ob·</strong></span> 
     </span>
     <span class='ocr_line' id='line_1_15' title="bbox 67 1560 841 1644; baseline 0 -19"><span class='ocrx_word' id='word_1_92' title='bbox 67 1566 170 1625; x_wconf 74' lang='lat' dir='ltr'><strong>lineat.</strong></span> <span class='ocrx_word' id='word_1_93' title='bbox 182 1562 262 1621; x_wconf 87' lang='lat' dir='ltr'><strong>Dum</strong></span> <span class='ocrx_word' id='word_1_94' title='bbox 276 1562 462 1621; x_wconf 86' lang='lat' dir='ltr'><strong>ecarceribus</strong></span> <span class='ocrx_word' id='word_1_95' title='bbox 474 1581 538 1619; x_wconf 88' lang='lat' dir='ltr'><strong>reus</strong></span> <span class='ocrx_word' id='word_1_96' title='bbox 550 1560 587 1620; x_wconf 85' lang='lat' dir='ltr'><strong>ad</strong></span> <span class='ocrx_word' id='word_1_97' title='bbox 598 1564 758 1640; x_wconf 71' lang='lat' dir='ltr'><strong>patibulum</strong></span> <span class='ocrx_word' id='word_1_98' title='bbox 773 1586 841 1644; x_wconf 87' lang='lat' dir='ltr'><strong>per-</strong></span> 
     </span>
     <span class='ocr_line' id='line_1_16' title="bbox 65 1654 840 1737; baseline 0.003 -19"><span class='ocrx_word' id='word_1_99' title='bbox 65 1661 129 1737; x_wconf 79' lang='lat' dir='ltr'><strong>git,</strong></span> <span class='ocrx_word' id='word_1_100' title='bbox 147 1655 222 1718; x_wconf 81' lang='lat' dir='ltr'><strong>dicat</strong></span> <span class='ocrx_word' id='word_1_101' title='bbox 245 1659 271 1716; x_wconf 90' lang='lat' dir='ltr'><strong>ei</strong></span> <span class='ocrx_word' id='word_1_102' title='bbox 295 1677 303 1713; x_wconf 91' lang='lat'><strong>:</strong></span> <span class='ocrx_word' id='word_1_103' title='bbox 330 1655 406 1726; x_wconf 75' lang='lat' dir='ltr'><strong>Eia,</strong></span> <span class='ocrx_word' id='word_1_104' title='bbox 427 1654 482 1736; x_wconf 84' lang='lat' dir='ltr'><strong>fili</strong></span> <span class='ocrx_word' id='word_1_105' title='bbox 502 1655 562 1728; x_wconf 83' lang='lat' dir='ltr'><strong>mi,</strong></span> <span class='ocrx_word' id='word_1_106' title='bbox 587 1676 710 1731; x_wconf 82' lang='lat' dir='ltr'><strong>sequere</strong></span> <span class='ocrx_word' id='word_1_107' title='bbox 731 1658 840 1720; x_wconf 82' lang='lat' dir='ltr'><strong>lesum</strong></span> 
     </span>
     <span class='ocr_line' id='line_1_17' title="bbox 10 1750 841 1833; baseline -0.005 -17"><span class='ocrx_word' id='word_1_108' title='bbox 10 1829 15 1833; x_wconf 30' lang='lat'>·</span> <span class='ocrx_word' id='word_1_109' title='bbox 68 1753 249 1825; x_wconf 71' lang='lat' dir='ltr'><strong>Christum,</strong></span> <span class='ocrx_word' id='word_1_110' title='bbox 272 1750 410 1828; x_wconf 83' lang='lat' dir='ltr'><strong>quiante</strong></span> <span class='ocrx_word' id='word_1_111' title='bbox 426 1764 453 1810; x_wconf 76' lang='lat' dir='ltr'><strong>te</strong></span> <span class='ocrx_word' id='word_1_112' title='bbox 468 1751 625 1827; x_wconf 69' lang='lat' dir='ltr'><strong>projectus</strong></span> <span class='ocrx_word' id='word_1_113' title='bbox 642 1763 687 1809; x_wconf 81' lang='lat' dir='ltr'><strong>ert</strong></span> <span class='ocrx_word' id='word_1_114' title='bbox 701 1750 744 1810; x_wconf 82' lang='lat' dir='ltr'><strong>ad</strong></span> <span class='ocrx_word' id='word_1_115' title='bbox 765 1753 841 1812; x_wconf 86' lang='lat' dir='ltr'><strong>Cal·</strong></span> 
     </span>
     <span class='ocr_line' id='line_1_18' title="bbox 66 1846 842 1921; baseline -0.001 -10"><span class='ocrx_word' id='word_1_116' title='bbox 66 1849 189 1911; x_wconf 75' lang='lat' dir='ltr'><strong>varium</strong></span> <span class='ocrx_word' id='word_1_117' title='bbox 213 1847 257 1908; x_wconf 83' lang='lat' dir='ltr'><strong>ud</strong></span> <span class='ocrx_word' id='word_1_118' title='bbox 282 1846 474 1906; x_wconf 78' lang='lat' dir='ltr'><strong>subeundam</strong></span> <span class='ocrx_word' id='word_1_119' title='bbox 498 1868 556 1921; x_wconf 77' lang='lat' dir='ltr'><strong>pro</strong></span> <span class='ocrx_word' id='word_1_120' title='bbox 583 1859 611 1907; x_wconf 79' lang='lat' dir='ltr'><strong>te</strong></span> <span class='ocrx_word' id='word_1_121' title='bbox 635 1862 766 1909; x_wconf 80' lang='lat' dir='ltr'><strong>mortem</strong></span> <span class='ocrx_word' id='word_1_122' title='bbox 787 1863 842 1911; x_wconf 79' lang='lat' dir='ltr'><strong>tua</strong></span> 
     </span>
     <span class='ocr_line' id='line_1_19' title="bbox 68 1938 843 2024; baseline 0.003 -21"><span class='ocrx_word' id='word_1_123' title='bbox 68 1945 158 2023; x_wconf 74' lang='lat' dir='ltr'><strong>longe</strong></span> <span class='ocrx_word' id='word_1_124' title='bbox 167 1941 368 2002; x_wconf 79' lang='lat' dir='ltr'><strong>amariorem.</strong></span> <span class='ocrx_word' id='word_1_125' title='bbox 388 1939 464 1998; x_wconf 85' lang='lat' dir='ltr'><strong>Cum</strong></span> <span class='ocrx_word' id='word_1_126' title='bbox 479 1938 516 1999; x_wconf 89' lang='lat' dir='ltr'><strong>ad</strong></span> <span class='ocrx_word' id='word_1_127' title='bbox 531 1940 623 2000; x_wconf 77' lang='lat' dir='ltr'><strong>lucum</strong></span> <span class='ocrx_word' id='word_1_128' title='bbox 638 1942 766 2022; x_wconf 87' lang='lat' dir='ltr'><strong>supplicii</strong></span> <span class='ocrx_word' id='word_1_129' title='bbox 782 1964 843 2024; x_wconf 86' lang='lat' dir='ltr'><strong>per-</strong></span> 
     </span>
     <span class='ocr_line' id='line_1_20' title="bbox 70 2033 846 2115; baseline -0.001 -18"><span class='ocrx_word' id='word_1_130' title='bbox 70 2044 193 2097; x_wconf 82' lang='lat' dir='ltr'><strong>ventum</strong></span> <span class='ocrx_word' id='word_1_131' title='bbox 203 2043 264 2110; x_wconf 81' lang='lat' dir='ltr'><strong>est,</strong></span> <span class='ocrx_word' id='word_1_132' title='bbox 276 2037 380 2094; x_wconf 83' lang='lat' dir='ltr'><strong>iterum</strong></span> <span class='ocrx_word' id='word_1_133' title='bbox 391 2052 458 2093; x_wconf 88' lang='lat' dir='ltr'><strong>eum</strong></span> <span class='ocrx_word' id='word_1_134' title='bbox 471 2033 647 2108; x_wconf 77' lang='lat' dir='ltr'><strong>reconciliet,</strong></span> <span class='ocrx_word' id='word_1_135' title='bbox 659 2044 686 2093; x_wconf 81' lang='lat' dir='ltr'><strong>et</strong></span> <span class='ocrx_word' id='word_1_136' title='bbox 696 2037 846 2115; x_wconf 84' lang='lat' dir='ltr'><strong>absolvat,</strong></span> 
     </span>
     <span class='ocr_line' id='line_1_21' title="bbox 70 2126 846 2209; baseline -0.003 -17"><span class='ocrx_word' id='word_1_137' title='bbox 70 2137 245 2208; x_wconf 83' lang='lat' dir='ltr'><strong>moneatque</strong></span> <span class='ocrx_word' id='word_1_138' title='bbox 270 2137 302 2189; x_wconf 84' lang='lat' dir='ltr'><strong>ul</strong></span> <span class='ocrx_word' id='word_1_139' title='bbox 324 2128 452 2209; x_wconf 84' lang='lat' dir='ltr'><strong>aliquam</strong></span> <span class='ocrx_word' id='word_1_140' title='bbox 468 2126 675 2207; x_wconf 79' lang='lat' dir='ltr'><strong>indulgentiam</strong></span> <span class='ocrx_word' id='word_1_141' title='bbox 701 2130 846 2208; x_wconf 81' lang='lat' dir='ltr'><strong>lucretur,</strong></span> 
     </span>
     <span class='ocr_line' id='line_1_22' title="bbox 70 2221 844 2305; baseline 0.005 -21"><span class='ocrx_word' id='word_1_142' title='bbox 70 2235 100 2286; x_wconf 81' lang='lat' dir='ltr'><strong>et</strong></span> <span class='ocrx_word' id='word_1_143' title='bbox 111 2221 218 2285; x_wconf 88' lang='lat' dir='ltr'><strong>deinde</strong></span> <span class='ocrx_word' id='word_1_144' title='bbox 231 2227 271 2285; x_wconf 86' lang='lat' dir='ltr'><strong>sic</strong></span> <span class='ocrx_word' id='word_1_145' title='bbox 282 2223 357 2284; x_wconf 81' lang='lat' dir='ltr'><strong>dicat</strong></span> <span class='ocrx_word' id='word_1_146' title='bbox 371 2244 380 2281; x_wconf 77' lang='lat' dir='ltr'><strong>e</strong></span> <span class='ocrx_word' id='word_1_147' title='bbox 396 2223 473 2299; x_wconf 82' lang='lat' dir='ltr'><strong>Eia,</strong></span> <span class='ocrx_word' id='word_1_148' title='bbox 488 2227 530 2284; x_wconf 84' lang='lat' dir='ltr'><strong>N.</strong></span> <span class='ocrx_word' id='word_1_149' title='bbox 540 2225 634 2285; x_wconf 81' lang='lat' dir='ltr'><strong>hilari</strong></span> <span class='ocrx_word' id='word_1_150' title='bbox 644 2238 706 2286; x_wconf 79' lang='lat' dir='ltr'><strong>esto</strong></span> <span class='ocrx_word' id='word_1_151' title='bbox 719 2226 844 2305; x_wconf 82' lang='lat' dir='ltr'><strong>animo,</strong></span> 
     </span>
     <span class='ocr_line' id='line_1_23' title="bbox 64 2317 912 2398; baseline 0.006 -19"><span class='ocrx_word' id='word_1_152' title='bbox 64 2323 136 2395; x_wconf 73' lang='lat' dir='ltr'><strong>jum</strong></span> <span class='ocrx_word' id='word_1_153' title='bbox 155 2340 241 2380; x_wconf 84' lang='lat' dir='ltr'><strong>nunc</strong></span> <span class='ocrx_word' id='word_1_154' title='bbox 260 2336 368 2376; x_wconf 80' lang='lat' dir='ltr'><strong>munes</strong></span> <span class='ocrx_word' id='word_1_155' title='bbox 383 2317 416 2374; x_wconf 80' lang='lat' dir='ltr'><strong>in</strong></span> <span class='ocrx_word' id='word_1_156' title='bbox 432 2319 535 2396; x_wconf 71' lang='lat' dir='ltr'><strong>gratia</strong></span> <span class='ocrx_word' id='word_1_157' title='bbox 556 2319 848 2398; x_wconf 74' lang='lat' dir='ltr'><strong>Dei51‘umputent</strong></span> <span class='ocrx_word' id='word_1_158' title='bbox 908 2376 912 2383; x_wconf 90' lang='lat'>.</span> 
     </span>
     <span class='ocr_line' id='line_1_24' title="bbox 71 2409 847 2486; baseline -0.004 -9"><span class='ocrx_word' id='word_1_159' title='bbox 71 2415 126 2477; x_wconf 68' lang='lat' dir='ltr'><strong>ubi</strong></span> <span class='ocrx_word' id='word_1_160' title='bbox 139 2411 286 2475; x_wconf 80' lang='lat' dir='ltr'><strong>Paradisi</strong></span> <span class='ocrx_word' id='word_1_161' title='bbox 292 2413 407 2486; x_wconf 76' lang='lat' dir='ltr'><strong>junuoe</strong></span> <span class='ocrx_word' id='word_1_162' title='bbox 427 2429 436 2479; x_wconf 84' lang='lat'>3</span> <span class='ocrx_word' id='word_1_163' title='bbox 457 2409 500 2469; x_wconf 77' lang='lat' dir='ltr'><strong>ibi</strong></span> <span class='ocrx_word' id='word_1_164' title='bbox 514 2423 541 2470; x_wconf 76' lang='lat' dir='ltr'><strong>re</strong></span> <span class='ocrx_word' id='word_1_165' title='bbox 555 2426 737 2486; x_wconf 73' lang='lat' dir='ltr'><strong>exspectant</strong></span> <span class='ocrx_word' id='word_1_166' title='bbox 755 2416 847 2475; x_wconf 75' lang='lat' dir='ltr'><strong>Jesus</strong></span> 
     </span>
     <span class='ocr_line' id='line_1_25' title="bbox 70 2504 857 2584; baseline -0.003 -14"><span class='ocrx_word' id='word_1_167' title='bbox 70 2520 102 2570; x_wconf 77' lang='lat' dir='ltr'><strong>&#39;et</strong></span> <span class='ocrx_word' id='word_1_168' title='bbox 113 2505 231 2569; x_wconf 82' lang='lat' dir='ltr'><strong>Maria.</strong></span> <span class='ocrx_word' id='word_1_169' title='bbox 252 2504 409 2584; x_wconf 62' lang='lat' dir='ltr'><strong>Confringe</strong></span> <span class='ocrx_word' id='word_1_170' title='bbox 422 2512 552 2564; x_wconf 76' lang='lat' dir='ltr'><strong>mortem</strong></span> <span class='ocrx_word' id='word_1_171' title='bbox 568 2515 656 2562; x_wconf 81' lang='lat' dir='ltr'><strong>tuam</strong></span> <span class='ocrx_word' id='word_1_172' title='bbox 667 2524 736 2563; x_wconf 85' lang='lat' dir='ltr'><strong>cum</strong></span> <span class='ocrx_word' id='word_1_173' title='bbox 751 2520 857 2568; x_wconf 79' lang='lat' dir='ltr'><strong>morte·</strong></span> 
     </span>
     <span class='ocr_line' id='line_1_26' title="bbox 73 2597 850 2680; baseline 0.001 -17"><span class='ocrx_word' id='word_1_174' title='bbox 73 2602 171 2676; x_wconf 74' lang='lat' dir='ltr'><strong>Jern,</strong></span> <span class='ocrx_word' id='word_1_175' title='bbox 200 2597 254 2676; x_wconf 85' lang='lat' dir='ltr'><strong>qui</strong></span> <span class='ocrx_word' id='word_1_176' title='bbox 279 2619 336 2675; x_wconf 83' lang='lat' dir='ltr'><strong>pro</strong></span> <span class='ocrx_word' id='word_1_177' title='bbox 363 2613 415 2660; x_wconf 78' lang='lat' dir='ltr'><strong>tuo</strong></span> <span class='ocrx_word' id='word_1_178' title='bbox 441 2618 548 2660; x_wconf 83' lang='lat' dir='ltr'><strong>umore</strong></span> <span class='ocrx_word' id='word_1_179' title='bbox 575 2601 746 2680; x_wconf 77' lang='lat' dir='ltr'><strong>exsanguis</strong></span> <span class='ocrx_word' id='word_1_180' title='bbox 771 2601 850 2664; x_wconf 85' lang='lat' dir='ltr'><strong>inter</strong></span> 
     </span>
     <span class='ocr_line' id='line_1_27' title="bbox 73 2691 850 2759; baseline 0.001 -1"><span class='ocrx_word' id='word_1_181' title='bbox 73 2692 210 2758; x_wconf 79' lang='lat' dir='ltr'><strong>ludibria</strong></span> <span class='ocrx_word' id='word_1_182' title='bbox 230 2704 259 2752; x_wconf 84' lang='lat' dir='ltr'><strong>et</strong></span> <span class='ocrx_word' id='word_1_183' title='bbox 282 2691 437 2752; x_wconf 78' lang='lat' dir='ltr'><strong>cruciatus</strong></span> <span class='ocrx_word' id='word_1_184' title='bbox 462 2707 602 2755; x_wconf 79' lang='lat' dir='ltr'><strong>mortuus</strong></span> <span class='ocrx_word' id='word_1_185' title='bbox 621 2708 676 2756; x_wconf 73' lang='lat' dir='ltr'><strong>esi.</strong></span> <span class='ocrx_word' id='word_1_186' title='bbox 708 2698 850 2759; x_wconf 82' lang='lat' dir='ltr'><strong>Amusne</strong></span> 
     </span>
     <span class='ocr_line' id='line_1_28' title="bbox 74 2788 851 2868; baseline 0 -15"><span class='ocrx_word' id='word_1_187' title='bbox 74 2792 161 2853; x_wconf 77' lang='lat' dir='ltr'><strong>illum</strong></span> <span class='ocrx_word' id='word_1_188' title='bbox 179 2789 188 2846; x_wconf 80' lang='lat' dir='ltr'><strong>l</strong></span> <span class='ocrx_word' id='word_1_189' title='bbox 203 2788 262 2852; x_wconf 78' lang='lat' dir='ltr'><strong>Dic</strong></span> <span class='ocrx_word' id='word_1_190' title='bbox 274 2808 394 2850; x_wconf 84' lang='lat' dir='ltr'><strong>mecum</strong></span> <span class='ocrx_word' id='word_1_191' title='bbox 410 2813 420 2848; x_wconf 92' lang='lat'><strong>.·</strong></span> <span class='ocrx_word' id='word_1_192' title='bbox 436 2790 585 2863; x_wconf 85' lang='lat' dir='ltr'><strong>Domine,</strong></span> <span class='ocrx_word' id='word_1_193' title='bbox 602 2791 807 2868; x_wconf 82' lang='lat' dir='ltr'><strong>superomnia</strong></span> <span class='ocrx_word' id='word_1_194' title='bbox 823 2807 851 2856; x_wconf 77' lang='lat' dir='ltr'><strong>te</strong></span> 
     </span>
     <span class='ocr_line' id='line_1_29' title="bbox 75 2882 852 2966; baseline -0.001 -19"><span class='ocrx_word' id='word_1_195' title='bbox 75 2886 170 2966; x_wconf 77' lang='lat' dir='ltr'><strong>diligo</strong></span> <span class='ocrx_word' id='word_1_196' title='bbox 180 2908 191 2955; x_wconf 89' lang='lat'><strong>,·</strong></span> <span class='ocrx_word' id='word_1_197' title='bbox 201 2882 283 2944; x_wconf 84' lang='lat' dir='ltr'><strong>mori</strong></span> <span class='ocrx_word' id='word_1_198' title='bbox 291 2884 358 2945; x_wconf 78' lang='lat' dir='ltr'><strong>volo</strong></span> <span class='ocrx_word' id='word_1_199' title='bbox 369 2925 379 2958; x_wconf 87' lang='lat'>‚</span> <span class='ocrx_word' id='word_1_200' title='bbox 393 2897 425 2944; x_wconf 79' lang='lat' dir='ltr'><strong>ul</strong></span> <span class='ocrx_word' id='word_1_201' title='bbox 434 2885 645 2962; x_wconf 78' lang='lat' dir='ltr'><strong>mumfucium</strong></span> <span class='ocrx_word' id='word_1_202' title='bbox 655 2885 852 2948; x_wconf 72' lang='lat' dir='ltr'><strong>voluntatem.</strong></span> 
     </span>
     <span class='ocr_line' id='line_1_30' title="bbox 78 2977 859 3055; baseline -0.004 -13"><span class='ocrx_word' id='word_1_203' title='bbox 78 2983 211 3042; x_wconf 78' lang='lat' dir='ltr'><strong>Mortem</strong></span> <span class='ocrx_word' id='word_1_204' title='bbox 225 2997 282 3055; x_wconf 76' lang='lat' dir='ltr'><strong>pru</strong></span> <span class='ocrx_word' id='word_1_205' title='bbox 295 2978 370 3038; x_wconf 85' lang='lat' dir='ltr'><strong>meis</strong></span> <span class='ocrx_word' id='word_1_206' title='bbox 381 2977 515 3054; x_wconf 71' lang='lat' dir='ltr'><strong>pecualis</strong></span> <span class='ocrx_word' id='word_1_207' title='bbox 524 2991 658 3055; x_wconf 80' lang='lat' dir='ltr'><strong>accepto.</strong></span> <span class='ocrx_word' id='word_1_208' title='bbox 675 2979 770 3053; x_wconf 82' lang='lat' dir='ltr'><strong>Spero</strong></span> <span class='ocrx_word' id='word_1_209' title='bbox 779 2982 859 3054; x_wconf 79' lang='lat' dir='ltr'><strong><em>jam·</em></strong></span> 
     </span>
    </p>
   </div>
   <div class='ocr_carea' id='block_1_3' title="bbox 79 3069 875 3329">
    <p class='ocr_par' dir='ltr' id='par_1_3' title="bbox 79 3069 875 3329">
     <span class='ocr_line' id='line_1_31' title="bbox 79 3069 853 3151; baseline 0.001 -16"><span class='ocrx_word' id='word_1_210' title='bbox 79 3074 157 3135; x_wconf 81' lang='lat' dir='ltr'><strong>milri</strong></span> <span class='ocrx_word' id='word_1_211' title='bbox 177 3085 204 3133; x_wconf 78' lang='lat' dir='ltr'><strong>te</strong></span> <span class='ocrx_word' id='word_1_212' title='bbox 223 3070 419 3150; x_wconf 78' lang='lat' dir='ltr'><strong>pepercisse3</strong></span> <span class='ocrx_word' id='word_1_213' title='bbox 439 3069 547 3131; x_wconf 82' lang='lat' dir='ltr'><strong>iterum</strong></span> <span class='ocrx_word' id='word_1_214' title='bbox 569 3083 597 3131; x_wconf 77' lang='lat' dir='ltr'><strong>te</strong></span> <span class='ocrx_word' id='word_1_215' title='bbox 619 3069 784 3151; x_wconf 70' lang='lat' dir='ltr'><strong>offendisse</strong></span> <span class='ocrx_word' id='word_1_216' title='bbox 805 3102 853 3143; x_wconf 76' lang='lat' dir='ltr'><strong>me</strong></span> 
     </span>
     <span class='ocr_line' id='line_1_32' title="bbox 79 3162 875 3246; baseline 0.001 -15"><span class='ocrx_word' id='word_1_217' title='bbox 79 3168 215 3246; x_wconf 81' lang='lat' dir='ltr'><strong>poenitet.</strong></span> <span class='ocrx_word' id='word_1_218' title='bbox 238 3162 875 3245; x_wconf 63' lang='lat' dir='ltr'><strong>CupiocituvenireudCuelumuulnus</strong></span> 
     </span>
     <span class='ocr_line' id='line_1_33' title="bbox 685 3264 765 3329; baseline 0.038 -3"><span class='ocrx_word' id='word_1_219' title='bbox 685 3264 719 3326; x_wconf 70' lang='lat' dir='ltr'>G</span> <span class='ocrx_word' id='word_1_220' title='bbox 741 3289 765 3329; x_wconf 80' lang='lat'>2</span> 
     </span>
    </p>
   </div>
   <div class='ocr_carea' id='block_1_4' title="bbox 0 0 996 3608">
    <p class='ocr_par' dir='ltr' id='par_1_4' title="bbox 0 0 996 3608">
     <span class='ocr_line' id='line_1_34' title="bbox 0 0 996 3608; baseline 0 0"><span class='ocrx_word' id='word_1_221' title='bbox 0 0 996 3608; x_wconf 95' lang='lat' dir='ltr'><strong> </strong></span> 
     </span>
    </p>
   </div>
  </div>
 </body>
</html>
