1956 3608
61 37 200 171 π

201 214 230 284 §.
245 229 279 272 u.
291 226 332 269 rur
342 222 496 269 enarroue
509 222 710 282 concensu,
722 216 777 269 etc.
823 214 876 289 spii

98 323 156 381 tias
165 317 312 392 concedit,
323 335 382 377 non
395 325 508 377 tantum
518 316 671 377 animabus
683 315 881 396 perfectis,sed

98 411 258 493 aliquando
268 414 355 473 etiam
364 411 706 491 imperfectis,easciiicet
715 412 838 479 ratione,
848 420 881 471 ut

100 510 225 571 libereta
237 511 296 569 suis
307 507 579 587 imperfectionibus,
592 516 618 565 et
629 506 764 568 advitam
776 506 884 587 persec-

102 605 202 663 tiorem
219 602 347 665 extollat.
366 600 471 674 Unde,
490 597 608 679 quando
619 597 790 676 dignoscitur
802 601 883 683 quod

103 717 152 778 per
159 695 326 774 hujusmodi
336 696 610 756 communicationes
618 695 714 753 anima
723 699 882 770 mapisma·

102 794 203 871 gisque
211 811 242 851 se
253 790 376 851 libereta
386 788 579 868 passionibus,
587 796 615 845 et
628 785 737 865 prolicit
747 789 777 845 in
789 807 885 849 amore

104 883 222 958 divino,
233 893 320 961 atque
329 886 360 940 in
372 880 513 941 desiderio
521 879 711 959 perfectionis,
720 882 833 956 signum
842 892 887 943 est

103 977 184 1057 quod
201 976 256 1036 ittae
271 976 328 1034 sint
343 976 436 1036 bouae.
460 975 506 1035 De
517 974 650 1054 reliquo,
665 973 782 1053 quando
794 978 887 1053 agitur

105 1072 140 1132 de
154 1073 254 1149 gratiis
267 1072 407 1148 externis,
427 1080 459 1131 ut
468 1080 536 1131 sunt
549 1072 673 1130 visiones
687 1114 696 1146 ,
712 1071 884 1143 locutiones,

105 1177 133 1227 et
144 1165 348 1240 revelationes,
360 1167 522 1244 regulariter
529 1164 691 1245 loquendo,
703 1176 735 1224 ut
743 1165 886 1242 diximus,

107 1264 198 1321 tutius
215 1270 258 1320 est
278 1269 310 1319 ut
327 1261 458 1319 Dircctor
471 1257 603 1319 ostendat
616 1262 697 1338 parvi
711 1279 760 1319 eas
774 1261 887 1338 facere,

106 1354 233 1416 dicendo
247 1353 276 1412 id
292 1352 369 1434 quod
385 1356 426 1415 ait
438 1353 471 1413 S.
485 1353 623 1415 Theresia
638 1355 736 1415 ecoelo
746 1366 809 1436 post
821 1357 887 1418 obi-

109 1457 172 1507 tum
195 1465 278 1506 suum
293 1445 408 1506 cuidam
421 1466 546 1526 personae
556 1447 708 1525 religiosae:
724 1454 773 1511 Ne
773 1448 889 1529 fidant

109 1543 228 1601 onimoe
237 1542 401 1618 visionibus
408 1556 437 1601 et
445 1544 677 1602 revolutionibus
687 1546 887 1619 particularis

110 1637 168 1697 bus
179 1653 192 1705 ;
205 1657 260 1697 nec
278 1637 431 1697 collocent
438 1637 654 1714 perfectionem
666 1638 697 1695 in
709 1638 753 1698 eis
766 1641 886 1698 boben-

108 1730 155 1791 dis
169 1750 179 1785 .·
197 1731 267 1790 iicet
283 1731 366 1791 enim
379 1729 493 1806 aliqua·
503 1749 546 1788 ess
553 1729 593 1788 eis
604 1731 665 1789 sint
676 1749 775 1803 verm,
783 1732 889 1807 plures

108 1820 316 1885 nihilominus
330 1839 400 1883 sunt
406 1825 504 1899 falsre
517 1838 547 1884 et
558 1825 721 1885 mendaces
734 1844 744 1879 ··
762 1824 889 1906 etdiffiv

109 1919 167 1981 cilo
186 1932 233 1979 est
251 1919 384 1978 invenire
405 1939 499 1977 unuin
521 1921 679 1978 veritatem
697 1920 777 1980 inter
794 1920 889 1998 pluro

110 2009 279 2071 mendacia
290 2012 392 2087 (quare
403 2007 497 2087 plures
505 2019 573 2067 sunt
583 2011 706 2070 visiones
716 2011 793 2071 ialsae
800 2032 889 2090 quam

111 2107 214 2172 verae)
227 2114 342 2178 ;etquo
354 2102 471 2161 avidius
488 2114 694 2178 expetentur,
708 2116 736 2162 et
749 2105 780 2162 in
793 2105 890 2179 pretio
954 2116 963 2141 '-

114 2197 367 2271 tabescentem
376 2197 612 2275 mugispersorro
622 2197 777 2258 aberrabit
786 2197 887 2275 elide,

111 2303 142 2349 et
153 2287 345 2359 humilitate,
356 2301 479 2361 quoeest
488 2288 535 2346 vio
548 2289 642 2348 tutior
653 2312 745 2365 quam
754 2292 891 2365 posuerit

115 2386 214 2445 Deus.
239 2382 338 2458 Quare
354 2377 402 2439 det
415 2381 440 2438 ei
456 2378 605 2439 consilium
623 2422 632 2454 ,
651 2393 685 2440 ut
700 2393 758 2441 oret
772 2385 891 2456 Deum,

115 2487 148 2537 ut
167 2496 265 2537 veram
291 2472 426 2535 concedat
444 2476 588 2547 extasim,
609 2474 733 2550 scilicet,
750 2478 892 2547 totalema

116 2573 203 2630 rebus
219 2572 335 2631 terrenis
353 2578 381 2628 et
399 2591 414 2628 a
434 2571 584 2648 semetipsa
599 2569 818 2649 alienationem,
832 2578 892 2637 sine

113 2684 175 2744 ¹qus
193 2663 230 2724 ad
243 2664 441 2743 perlectionem
454 2682 604 2742 nunquam
618 2665 723 2728 valebit
736 2674 892 2748 pervenire.

119 2757 209 2835 Quod
225 2761 248 2815 si
262 2776 392 2835 unquam
408 2757 536 2817 Director
549 2757 677 2819 advertet
690 2765 818 2821 animam
834 2781 892 2818 non

118 2868 183 2908 esse
204 2849 276 2907 bene
291 2846 440 2909 fundatam
455 2851 485 2908 in
506 2869 564 2911 suae
579 2853 698 2912 miseriae
713 2853 896 2927 cognitione,

119 2954 147 3004 et
165 2940 249 3003 vellet
264 2963 316 3022 pro
329 2954 404 3005 certo
421 2954 516 3005 tenere
534 2944 610 3021 quod
624 2964 682 3003 suae
696 2943 895 3002 communica-

121 3041 214 3098 tiones
233 3039 289 3097 sint
299 3036 426 3110 divina,
441 3047 468 3095 et
486 3037 645 3095 turbaretur
660 3032 803 3095 audiendo
817 3040 893 3116 quo'd

120 3131 252 3192 Director
277 3129 367 3191 nollet
385 3147 434 3188 eas
447 3125 558 3187 credere
572 3127 613 3185 uti
628 3126 717 3205 tales,
739 3132 902 3209 pessimum

730 3226 793 3284 la
