1956 3608
791 98 797 107 ,
880 39 970 137 ffl

927 140 947 179 ¹²².

157 207 218 270 208
375 215 480 265 nutxrs
501 212 725 262 contessione-

157 323 199 375 ter
209 310 245 371 de
254 309 339 388 Avila
351 330 408 370 non
419 309 530 368 dubitat
541 307 632 369 dicere
641 304 773 388 quodilli
784 308 836 387 qui
847 298 930 381 daun.

153 416 227 467 nant
239 425 290 465 eos
302 407 350 485 qui
370 405 473 483 saepius
488 400 527 462 ad
544 402 752 463 Eucharistiam
767 400 934 475 accedunt„

155 499 293 561 daemonis
307 494 400 557 officio
411 496 582 574 funguntur.

200 594 264 652 152.
279 591 437 664 Caeterum,
446 588 654 651 considerando
665 587 767 649 relatas
777 587 936 662 doctrinas,

155 683 269 746 videtur
285 704 343 744 non
367 704 447 764 posse
463 685 592 745 Director
606 687 667 742 sine
682 681 816 762 scrupulo
830 701 926 760 negare

155 780 386 840 communionem
409 778 608 856 frequentem,
633 786 661 836 et
681 778 768 835 etiam
782 774 945 855 quotidie?

155 892 223 932 nam
236 874 371 951 (excipe,
384 870 524 931 ordinarie
536 868 696 949 loquendo,
711 888 805 928 unum
817 867 890 955 diem
897 870 926 927 iu

155 969 258 1046 quavis
275 963 478 1039 hebdomada,
503 974 535 1023 ut
557 964 648 1024 facere
668 962 761 1023 solent
779 963 926 1044 prudentes

155 1061 242 1138 aliqui
255 1059 433 1127 Directores;
450 1067 478 1116 et
488 1060 585 1137 excipe
598 1068 710 1137 tempus
721 1056 794 1117 illud
806 1078 865 1136 quo
875 1059 926 1138 pri·

155 1174 223 1218 vare
237 1153 327 1216 velint
342 1153 514 1212 Poenitentes
525 1155 746 1227 communione,
760 1152 798 1213 ad
810 1154 926 1233 proban·

156 1246 224 1308 dam
239 1265 336 1306 eorum
351 1243 542 1305 obedientiam
557 1286 566 1319 ,
585 1254 634 1305 aut
653 1244 848 1305 humilitatem
860 1286 869 1319 ,
882 1253 927 1304 aut

155 1342 191 1399 ob
219 1339 346 1418 aliquam
381 1339 467 1397 aliam
497 1342 603 1414 justam
635 1348 779 1412 causam)
808 1341 926 1420 quibus·

155 1428 222 1489 darn
248 1428 400 1488 animabus
429 1448 493 1487 earn
525 1428 777 1506 desiderantibus,
807 1440 839 1490 ut
864 1450 926 1510 pro·

155 1522 252 1582 liciant
272 1523 302 1579 in
328 1519 428 1581 divino
452 1542 548 1583 amore
571 1545 579 1581 ε
608 1543 719 1603 semper
737 1543 805 1585 vero
826 1544 861 1584 ac
883 1523 925 1584 illa

154 1614 280 1679 vivendo
297 1615 419 1676 alienata
442 1617 479 1675 ab
501 1615 603 1678 affectu
629 1616 827 1698 cujuscunque
843 1619 941 1700 culpe,

157 1707 294 1784 venialis,
307 1709 446 1766 incumbit
457 1709 572 1787 insuper
580 1708 703 1768 multum
714 1713 835 1770 orationi
848 1730 926 1772 men·

156 1802 223 1873 tali,
238 1812 266 1861 et
276 1811 395 1860 conatur
407 1800 521 1860 tendere
532 1801 569 1861 ad
581 1802 782 1882 perfectionem
798 1825 806 1876 3
825 1815 854 1866 et
865 1824 925 1866 am-

155 1897 229 1977 plius
239 1916 296 1955 non
311 1894 416 1955 labitur
424 1898 453 1954 in
466 1907 579 1976 peccata
593 1940 602 1973 ,
615 1901 701 1958 etiam
715 1900 837 1961 venialia
848 1902 926 1982 plene

132 1989 341 2061 'voluntaria;
363 1988 423 2049 haec
438 1993 535 2065 enim,
558 2001 589 2050 ut
610 1995 649 2051 ait
674 1992 706 2050 S.
725 1992 862 2074 Prosper,
886 2002 924 2054 est

155 2084 364 2164 perfectioque
378 2092 468 2161 potest
485 2087 515 2142 in
531 2083 585 2144 bac
600 2087 657 2144 vita
676 2085 796 2162 haberi,
820 2098 923 2148 attenta

155 2179 282 2238 humana
296 2179 454 2254 fragilitate.
469 2178 635 2256 Ecquando
650 2179 850 2242 Confessarius
862 2183 924 2243 utile

154 2272 380 2347 essecognoverit
390 2269 541 2331 concedere
551 2277 784 2335 communionem
795 2276 925 2357 frequen·

153 2377 211 2429 tem
228 2367 368 2426 similibus
383 2370 532 2447 personis,
554 2370 648 2446 inquit
661 2369 849 2431 Innocentius
864 2372 924 2446 Xl,

154 2464 184 2520 in
207 2481 258 2520 suo
280 2459 412 2536 decreto,
436 2461 507 2520 nihil
528 2463 656 2535 obstare,
675 2462 752 2541 quod
769 2467 828 2525 sint
843 2468 924 2527 etiam

153 2558 358 2629 negotiatores,
373 2565 400 2612 et
414 2557 566 2630 conjugati.
586 2555 631 2612 En
646 2554 709 2632 ejus
724 2559 831 2618 verba:
852 2563 926 2621 Fre-

152 2668 247 2725 quens
270 2645 326 2714 (ad
349 2646 579 2717 Eucharistiam)
601 2669 741 2710 accessus
761 2653 925 2729 Confessa-

152 2742 268 2802 riorum
281 2741 398 2814 judicio
410 2754 453 2800 cst
470 2742 703 2817 relinquendus,
717 2745 825 2822 quiex
837 2769 926 2809 cons·

153 2836 331 2896 cientiorum
345 2836 495 2913 puritate,
520 2837 882 2916 etfrequenticesructu,
901 2853 927 2902 et

107 2940 113 2955 ⁸
152 2929 194 2988 od
206 2931 347 3004 pietatem
360 2951 504 3006 processu
515 2972 524 3004 ,
535 2929 641 3004 luicis,
652 2932 892 3008 negotiatoribus
902 2948 929 2996 et

153 3023 345 3099 conjugatis,
381 3024 464 3099 quod
487 3025 677 3102 prospiciunt
702 3045 810 3086 eorum
837 3029 929 3091 soluti

139 3115 349 3192 profuturum
359 3156 369 3193 ,
381 3115 411 3178 id
423 3116 469 3180 illi
479 3120 673 3196 proescriber·e
684 3117 847 3183 debebunt.
