1956 3608
196 207 224 288 §.
235 234 281 274 111.
295 228 403 275 seems
415 224 519 273 rutxts
532 225 622 271 oran.
633 226 774 271 nauum.
814 214 875 293 ³49

140 345 211 385 221.
230 325 350 406 Oportet
364 333 460 386 autem
473 322 621 385 advertere
638 323 772 382 orationis
793 340 877 382 men·

81 418 165 479 -talis
186 418 341 498 profectum
360 437 419 477 non
441 416 557 489 solum,
577 436 630 476 nec
650 424 707 475 tarn
723 416 879 475 consister·

100 515 131 572 in
147 511 353 587 meditatione,
375 531 464 591 quam
488 514 518 570 in
543 508 691 568 affectibus
712 507 875 586 faciendis,

99 604 130 663 in
145 602 354 684 supplicando,
374 610 403 663 et
426 605 456 660 in
476 597 667 659 deliberandis
684 598 823 677 agendis:
848 609 878 661 et

98 695 129 756 lri
144 706 214 757 sunt
229 707 284 757 tres
299 694 492 756 meditationis
505 695 634 766 fructus,
651 701 684 750 ut
698 712 781 771 supra
793 696 877 754 innui

97 814 130 853 n.
150 793 214 853 123.
230 792 337 870 igitur,
351 790 643 870 postquamaliquam
657 799 791 849 aetemam
804 792 878 851 veri-

98 894 188 967 iatem
209 887 274 964 quis
298 883 495 959 meditaverit,
521 893 548 943 et
567 892 718 964 postquam
736 882 815 940 Deus
831 903 879 944 cur

98 976 162 1056 ejus
184 977 325 1038 allocutus
345 976 449 1051 luerit,
472 987 580 1056 oportet
596 986 627 1036 ut
648 980 708 1056 ipse
728 996 780 1035 suu
793 973 879 1036 corde

98 1072 195 1132 Deum
220 1070 400 1150 alloquatur,
430 1070 567 1132 eliciendo
591 1070 728 1144 affectus,
754 1080 786 1131 ut
807 1078 879 1131 sunt

99 1176 178 1228 actus
188 1164 272 1237 fidei,
289 1176 339 1224 aut
347 1169 491 1224 actionum
502 1168 675 1240 gratiarum,
686 1164 878 1240 adorationis,

98 1259 212 1331 laudis,
227 1257 413 1328 humilitatis,
429 1266 455 1314 et
468 1275 523 1335 prae
534 1259 640 1315 caeteris
651 1259 756 1315 amoris
767 1266 794 1316 et
804 1277 881 1319 con-

99 1354 245 1426 tritionis,
270 1353 319 1429 qui
334 1353 419 1410 etiam
433 1361 475 1430 est
490 1361 570 1412 actus
587 1354 702 1411 amoris.
729 1353 818 1412 Amor
834 1363 879 1415 est

98 1452 145 1515 illa
161 1457 259 1511 catena
283 1468 394 1521 aurea,
413 1468 477 1528 quae
496 1447 646 1526 adstringit
666 1452 794 1509 animam
810 1469 875 1512 cum

98 1532 173 1604 Deo.
197 1542 327 1621 Quilibet
346 1551 425 1601 actus
446 1545 551 1600 amoris
570 1552 613 1600 est
633 1543 803 1617 thesaurus,
827 1566 878 1624 per

100 1657 185 1719 quern
203 1639 271 1698 certi
287 1633 427 1696 efficimur
442 1633 478 1694 de
496 1635 551 1693 Dei
567 1637 690 1694 amicitia
706 1658 713 1693 :
732 1638 877 1714 infinitus

98 1745 143 1791 est
160 1732 345 1802 thesaurus,
369 1749 429 1804 quo
455 1727 508 1802 qui
532 1726 579 1785 usi
598 1741 689 1799 sunt,
710 1727 878 1803 participes

99 1821 176 1892 tacu·
190 1837 261 1883 sum
274 1823 418 1883 amotae
435 1823 502 1882 aa.
519 1823 591 1900 sap.
609 1843 647 1901 7,
669 1828 714 1896 14.
728 1824 792 1901 ago
803 1808 879 1882 aret.

95 1931 200 1996 gentes
229 1937 277 1973 me
306 1915 410 1994 diligo.
443 1917 534 1974 Prov.
558 1920 595 1989 s,
625 1934 670 1992 ¹7·
699 1912 761 1993 Qui
780 1913 878 1996 dilige

99 2031 171 2080 me,
198 2009 340 2086 diligetur
364 2030 383 2068 a
404 2009 495 2067 Patre
520 2029 596 2068 meo.
623 2013 721 2070 Joan.
750 2011 806 2083 14,
829 2029 877 2070 21.

100 2103 245 2164 Charitas
259 2104 356 2179 operit
369 2103 592 2163 multitudinem
604 2117 814 2178 peccatorum.
849 2125 876 2165 r.

99 2200 164 2257 Pet.
176 2204 216 2270 4,
242 2199 271 2258 8.
303 2196 479 2255 Observetur
494 2195 523 2254 id
538 2196 616 2276 quod
631 2199 661 2255 in
676 2216 759 2275 opere
776 2197 877 2259 morali

101 2290 209 2352 dictum
224 2300 265 2347 est
277 2292 348 2349 circa
362 2289 481 2349 hoclib.
498 2293 535 2362 6,
549 2316 581 2353 n.
597 2295 667 2366 442.
687 2293 764 2353 Ven.
781 2294 877 2358 Sororl

101 2387 201 2446 Mariae
215 2382 357 2445 crucifixae
373 2385 433 2442 visa
448 2382 503 2442 luit
521 2386 619 2460 ingens
634 2385 767 2463 quaedam
788 2387 878 2448 ilam-

100 2499 169 2553 ma,
194 2481 222 2537 iu
246 2498 332 2557 quam
355 2498 420 2538 cum
442 2479 572 2556 proiecte
599 2477 719 2539 fuissent
742 2479 878 2559 quadam

101 2572 207 2653 paleae,
236 2575 330 2632 statim
354 2575 422 2632 visae
452 2571 569 2632 luerunt
592 2576 748 2637 consumi:
774 2585 801 2636 et
822 2575 877 2640 hac

100 2670 211 2728 visione
226 2670 250 2726 ei
267 2678 411 2727 ostensum
427 2667 499 2742 fuit,
521 2668 596 2746 quod
612 2690 662 2750 per
676 2690 767 2733 unum
778 2683 876 2734 actum

101 2767 205 2823 amoris
221 2762 389 2822 auferuntur
406 2773 493 2843 atque
509 2777 718 2825 consumuntur
733 2769 763 2845 in
778 2770 875 2826 anima

101 2877 201 2918 omnes
216 2857 304 2937 culpae
326 2861 493 2920 commissae.
514 2859 630 2920 Accedit
644 2859 673 2918 id
696 2859 774 2938 quod
795 2859 876 2919 docet

102 2951 134 3010 S.
146 2950 291 3025 Thomas,
311 2950 580 3030 nempequemlibet
589 2962 684 3011 actum
695 2954 799 3011 amoris
811 2973 877 3013 rne-

102 3046 154 3102 reri
168 3063 258 3102 unum
269 3041 387 3120 gradum
399 3044 492 3120 gloriae
507 3052 627 3102 aeternae.
642 3043 775 3122 Quilibet
787 3060 875 3108 actus

100 3139 260 3202 charitatis
277 3151 411 3200 meretur
427 3137 518 3202 vitam
538 3152 701 3201 oeteruum.
720 3141 808 3202 Actus
824 3160 876 3200 au-

688 3235 712 3293 L
734 3236 752 3297 5
