1956 3608
168 233 225 292 ¹7²
386 229 491 273 naxus
508 226 711 272 conresstnrr.

164 370 193 444 §.
205 368 245 431 11.
266 375 313 434 De
324 373 470 434 Oratione
485 366 783 449 contemplationis,
801 387 832 434 et
844 373 927 434 diver·

402 468 443 525 sis
458 466 521 525 suis
527 466 691 546 gradibus.

207 601 271 661 rad.
293 601 429 679 Qotnno
440 604 537 662 anima
548 599 669 682 aliquaa
684 601 747 660 Deo
758 603 928 684 contempla·

160 697 246 756 tionis
260 698 347 774 gratia
358 692 500 768 donatur,
513 704 620 774 oportet
630 704 661 754 ut
673 694 929 778 confessariusop·

160 791 231 852 time
245 793 314 852 sciat
333 789 450 851 modum
469 810 528 869 quo
544 809 608 850 eam
625 788 745 866 dirigere
763 792 887 868 debeat,
900 799 928 876 'et

161 884 199 945 ab
213 884 348 943 omnihus
359 881 539 942 illusionibus
553 881 672 952 liberet3
687 881 759 942 alias
773 888 928 962 maximum

159 978 200 1038 illi
215 978 313 1038 afferet
334 978 495 1051 damnum,
510 987 559 1050 et,
577 976 825 1058 quemadmodum
845 985 887 1042 ait
900 980 927 1043 S.

157 1071 285 1132 Joannes
308 1090 442 1144 acruce,
462 1089 596 1148 magnam
615 1073 675 1150 ipse
691 1071 753 1133 Deo
771 1070 928 1135 redditurus

159 1174 202 1226 est
228 1168 376 1225 rationem.
410 1163 620 1243 Contemplatio
645 1165 773 1227 multum
796 1165 926 1228 differta

158 1256 353 1318 meditatione.
366 1257 400 1317 ln
412 1254 596 1316 meditatione
604 1257 739 1335 quaeritur
748 1257 831 1318 Deus
839 1258 926 1321 labore

159 1350 324 1417 discursus;
354 1353 383 1409 in
410 1349 649 1428 contemplatione
676 1353 738 1411 sine
764 1350 926 1430 hujusmodi

157 1445 253 1505 labore
263 1443 470 1522 contemplatur
478 1444 556 1503 Deus
565 1447 623 1520 jam
633 1448 779 1507 inventus.
794 1448 926 1529 Insuper,

155 1541 187 1598 in
205 1537 389 1599 meditatione
406 1540 503 1598 anima
528 1549 660 1619 operatur
680 1541 793 1601 actibus
812 1559 924 1602 suarum

155 1636 368 1714 potentiarum
388 1635 418 1694 in
433 1631 670 1712 contemplatione
684 1644 817 1712 operatur
833 1636 925 1707 Deus,

155 1738 185 1788 et
200 1732 295 1789 anima
313 1737 423 1789 tautum
440 1730 562 1806 patitur,
582 1737 610 1786 et
631 1730 728 1807 recipit
749 1731 779 1789 in
799 1741 834 1790 'se
855 1729 923 1791 dona

155 1839 220 1899 quae
237 1842 252 1881 a
272 1821 370 1880 divina
388 1822 474 1898 gratia
491 1820 544 1878 sibi
559 1820 754 1881 infunduntur
770 1824 880 1904 absque
894 1842 924 1882 eo

155 1913 233 1993 qnod
253 1912 363 1994 aliquid
387 1923 538 1993 operetur,
562 1917 699 1992 quoniam
720 1917 780 1994 ipsa
804 1915 877 1992 lux,
898 1925 924 1977 et

154 2007 272 2068 divinus
286 2020 382 2098 amor,
396 2029 455 2088 quo
472 2019 537 2068 tuuc
552 2016 608 2068 tota
628 2008 783 2088 impletur,
804 2009 923 2071 reddunt

153 2124 218 2164 eam
241 2105 366 2163 suaviter
390 2112 527 2161 attentam
546 2100 582 2160 ad
604 2102 857 2185 contemplandam
873 2105 922 2167 Dei

152 2199 197 2255 eui
211 2197 388 2269 bonitatem,
405 2196 453 2272 qui
467 2204 506 2253 tot
518 2193 597 2253 illam
610 2195 739 2256 cumulat
753 2196 846 2259 donis.
925 2224 927 2227 ·

199 2309 263 2368 ¹27·
275 2288 429 2350 Advertere
440 2291 525 2349 etiam
538 2300 664 2368 oportet,
679 2290 758 2370 quod
769 2292 863 2369 Deus,
874 2313 920 2354 sn·

152 2394 269 2465 tequam
291 2382 425 2446 concedat
442 2385 595 2445 animabus
617 2383 723 2444 donum
744 2389 919 2468 contempla·

152 2483 254 2552 tionis,
267 2479 336 2540 solet
346 2500 394 2538 eas
403 2478 581 2540 introducere
590 2480 619 2537 in
628 2481 785 2540 orationem
796 2480 919 2543 roeolloc·

39 2598 43 2611 =
150 2575 258 2641 tionis,
272 2571 358 2647 vulgo
368 2571 472 2632 dictam
482 2575 537 2633 otii
550 2573 773 2649 contemplativi
785 2570 917 2643 (sicillud

149 2674 254 2726 vocant
272 2667 427 2743 mystici),
450 2683 515 2743 quae
531 2684 590 2724 non
613 2675 655 2725 est
674 2663 772 2727 adhuo
790 2676 916 2729 contem-

149 2758 238 2841 platio
253 2757 366 2834 inlusa,
380 2760 517 2838 quoniam
530 2761 626 2819 anima
641 2758 735 2821 adhuc
748 2771 791 2820 est
802 2764 833 2822 in
844 2770 915 2822 statu

148 2858 252 2918 activo.
270 2853 338 2914 ttae
352 2852 505 2915 recollectio
524 2852 648 2932 (loquor
659 2852 706 2914 hic
718 2852 755 2914 de
773 2855 895 2917 naturali
906 2895 915 2928 ,

149 2949 286 3026 quoniam
306 2942 344 3007 do
361 2943 567 3026 supernaturali
582 2953 611 3004 et
632 2944 725 3005 inlusa
741 2947 860 3007 inlerius
873 2946 913 3007 lo·

149 3058 272 3117 quemur
283 3061 370 3100 num.
386 3048 470 3112 ιιι.)
489 3047 532 3098 est
544 3037 661 3119 quando
675 3038 831 3100 intellectui
846 3057 913 3121 opus

140 3151 202 3198 non
223 3144 268 3199 est
291 3152 358 3198 cum
379 3132 474 3200 labore
489 3135 572 3214 quasi
590 3142 669 3195 extra
688 3137 818 3199 animam
840 3138 911 3198 exire
