1956 3608
173 210 203 286 §.
217 229 275 273 vn.
296 224 744 271 cuurnmrsrrsrmons.
789 210 845 277 155

115 322 182 383 113.
198 321 229 383 st
239 323 305 401 quis
314 331 410 383 autem
424 324 454 383 in
464 320 510 383 his
522 322 727 383 tentationibus
743 321 848 381 misere

70 414 161 492 cadit,
178 426 229 477 aut
243 436 342 479 earum
357 420 516 478 occasiones
529 419 619 494 magis
634 420 736 496 quaerit
755 434 847 495 quam

69 508 192 589 effugit,
214 511 301 587 hujus
321 514 429 572 curatio
447 520 491 570 est
511 511 596 572 vaide
610 510 734 573 difficilis
751 532 760 582 ;
776 530 848 570 narn

68 598 234 679 liujueruodi
250 613 408 682 peccatores
422 603 471 682 qui
487 623 551 662 cum
564 602 691 662 daemone
704 621 848 664 commer-

68 695 144 755 cium
161 692 289 768 hubent,
309 691 477 755 difficillime
490 713 525 752 ex
535 691 617 753 corde
628 702 847 754 convertuntur.

68 785 111 849 Ex
128 807 187 847 una
208 798 288 868 parte
305 791 383 847 enim
397 807 461 865 erga
480 787 534 847 hos
555 786 668 846 daemon
683 785 846 847 domimum
893 828 897 833 -

67 876 215 957 quoddam
229 881 351 957 acquirit
364 898 448 957 super
460 897 557 937 eorum
571 877 756 949 voluntates,
771 886 799 935 et
808 895 847 937 ex

65 968 175 1043 attera,
199 970 253 1047 ipsi
268 980 414 1028 remanent
430 971 516 1029 nimis
531 967 638 1029 debiles
653 967 690 1027 ad
708 969 848 1027 resisten-

65 1060 138 1138 dum
153 1082 163 1133 ς
178 1059 337 1139 indigerent
351 1062 573 1124 extraordinaria
588 1063 676 1141 gratia
693 1062 771 1136 Dei,
792 1060 853 1159 sed,

65 1153 235 1217 difficitttme
258 1155 329 1217 sotet
352 1155 427 1218 hanc
451 1159 531 1218 Deus
556 1156 721 1234 hujusmodi
748 1160 847 1235 impiis

64 1245 229 1309 concedere.
257 1248 466 1308 Verumtamen
487 1249 712 1321 confessarius,
735 1240 846 1325 siquis

64 1362 165 1411 eurum
185 1343 357 1416 accesserit,
382 1362 439 1402 non
455 1340 590 1418 diffidat,
612 1341 661 1403 sed
683 1351 761 1403 curet
774 1362 843 1402 cum

64 1436 125 1515 ipso
139 1454 283 1495 summam
300 1435 435 1497 adhibere
445 1436 610 1498 charitatem
623 1479 634 1513 ,
646 1436 846 1516 confortetque.

65 1526 184 1590 diceudo
194 1529 273 1610 quod
288 1532 337 1590 ubi
351 1552 409 1590 non
426 1543 469 1591 est
479 1533 636 1607 voluntas,
653 1553 710 1592 non
724 1541 765 1591 est
776 1552 844 1613 pec·

64 1633 158 1685 catum
172 1644 180 1695 ;
195 1624 263 1684 hinc
283 1627 305 1683 si
327 1627 386 1703 ipse
403 1624 555 1685 voluntate
571 1629 694 1698 resistit,
719 1630 842 1686 minime

63 1724 171 1796 peccat.
192 1716 228 1775 ln
243 1716 287 1787 his
304 1718 417 1779 casibus
438 1725 506 1776 ante
528 1719 622 1775 omnia
642 1716 843 1777 confessarius

63 1808 201 1871 adversus
215 1808 373 1870 demonem
388 1814 542 1891 praemittat
558 1813 769 1886 exorcismum,
784 1810 843 1871 sol-

63 1915 121 1967 tem
133 1908 296 1986 privatum,
309 1910 359 1986 qui
374 1918 448 1969 certe
459 1908 550 1968 licitus
562 1917 604 1967 est
614 1912 659 1981 (r)
672 1907 724 1968 hoc
734 1907 841 1968 modo:

63 2003 129 2082 Ego
142 2043 152 2074 ,
165 2014 199 2061 ut
213 2002 270 2061 Dei
279 2002 429 2077 minister,
437 2004 584 2081 proecipio
596 2003 649 2061 tibi
657 2016 731 2074 ,out
741 2005 844 2078 vobis,

62 2097 187 2175 spiritus
203 2097 381 2172 immundi,
405 2112 439 2161 ut
459 2097 607 2161 recedatis
621 2097 661 2158 ab
678 2100 738 2157 hoc
753 2118 843 2157 creo·

62 2206 134 2253 tura
152 2190 222 2253 Dei.
246 2192 359 2253 Deinde
385 2193 577 2265 Poenitentem
599 2194 779 2268 interroget,
800 2209 841 2253 art

62 2304 193 2365 unquam
209 2284 321 2344 hostem
335 2290 536 2362 invocaverit,
553 2297 582 2348 et
596 2307 661 2348 cum
677 2306 710 2346 eo
722 2283 838 2364 aliquod

61 2380 158 2439 inierit
174 2386 290 2457 paetum
306 2376 320 2436 Ρ
335 2380 381 2436 An
396 2379 551 2460 aliquando
566 2379 652 2439 iidem
672 2381 840 2453 negaverit,

60 2482 113 2534 aut
127 2480 223 2534 contra
240 2474 330 2552 ipsam
342 2484 439 2539 actum
451 2475 576 2548 aliquem
587 2472 741 2529 exercuerit
756 2469 768 2528 i
783 2470 838 2527 ln-

64 2576 203 2642 terroget,
221 2586 278 2644 qua
301 2566 392 2627 forme
414 2565 466 2643 ipsi
490 2560 603 2623 demon
626 2573 780 2643 appareat,
798 2581 838 2623 an

61 2659 210 2733 hominis,
226 2659 370 2733 mulieris,
386 2667 434 2718 aut
449 2656 549 2717 beliue
563 2655 576 2717 ἓ
591 2658 676 2719 Tunc
689 2660 791 2733 enim,
812 2658 838 2718 si

61 2774 128 2814 eum
144 2753 193 2812 iiio
204 2756 275 2827 coit,
292 2761 391 2833 preter
405 2763 548 2832 peccatum
566 2763 663 2814 contra
676 2757 834 2813 castitatem

61 2859 91 2908 et
104 2848 267 2925 religionem
282 2891 291 2923 ,
306 2868 372 2909 rcus
380 2853 431 2909 erit
446 2850 549 2927 peccati
563 2844 771 2920 fornicationis,
786 2854 838 2905 aut

310 2950 319 2989 χ
468 2962 471 2967 .

97 3051 135 3109 (ι)
153 3048 232 3097 Toto.
243 3046 271 3107 1,
293 3044 338 3100 tib.
352 3052 470 3110 3,num.
488 3048 533 3099 roi
545 3085 551 3110 ‚
565 3048 597 3098 de
608 3046 788 3112 adjuratione,
800 3044 838 3100 ibi
910 3094 916 3103 .

63 3126 96 3177 ed
109 3143 185 3180 num.
196 3126 244 3180 IV.

653 3210 732 3272 eo
