1956 3608
103 253 158 328 ¹74
316 264 422 309 rraxrs
443 265 651 309 conrassanrr.

98 354 262 415 voluntatis.
282 354 319 415 Er
333 353 479 434 quoduam
492 364 605 434 tempus
617 358 813 434 opportunius·
825 355 868 415 ln's

98 447 234 510 faciendis
244 448 354 508 actibus
365 467 428 509 esse
442 446 563 530 poterit,
582 468 670 528 quam
680 458 802 529 tempus
816 468 870 530 quo

99 545 194 602 anima
211 560 240 600 se
258 539 405 602 collectam
424 542 536 603 sentit?
551 542 660 603 Vemm
676 540 799 620 quidem
814 551 870 616 cst,

97 634 173 714 quod
193 635 226 694 S.
247 636 416 697 Franciscus
430 635 560 697 salesius
573 635 724 697 consilium
741 634 826 696 dedit
838 636 871 695 ll.

96 728 217 790 Joannae
231 730 267 789 de
283 730 429 805 Chantal‚
448 742 480 789 ut
493 733 523 790 in
534 749 585 789 sua
601 731 753 805 oratione,
768 750 834 790 curn
844 747 872 789 se

97 822 162 887 Deo
178 818 290 886 unitam
306 829 420 886 sentiret
431 869 438 900 ,
450 845 509 885 non
519 833 656 904 repeteret
666 842 762 884 novos
776 835 872 896 actus;

98 914 148 976 sed
162 917 272 997 quare?
287 921 353 996 quia
370 916 474 978 scilicet
487 917 573 975 Beata
586 913 646 992 iarn
657 927 830 994 peruenerat
839 912 873 1003 ad

99 1011 368 1088 contemplationem
381 1013 535 1089 passivam.
553 1008 638 1068 Unde
651 1007 873 1088 quandoauima

99 1102 192 1164 adhoc
206 1112 247 1161 est
262 1105 291 1161 iu
306 1111 381 1161 statu
396 1105 488 1164 activo
498 1122 581 1179 ..non
595 1112 639 1162 est
652 1105 726 1162 ratio
735 1100 788 1164 cur
800 1112 876 1164 actus

100 1199 166 1257 boni
178 1195 315 1277 impedire
329 1194 452 1256 debeant
464 1198 560 1274 gratia
573 1198 779 1276 operationem.
796 1194 875 1256 idem

102 1292 133 1352 S.
149 1291 315 1351 Franciscus
329 1290 456 1351 Salesius
470 1289 632 1370 praefigebat
650 1290 807 1350 animabus
825 1289 877 1351 de·

103 1385 174 1441 rotis
194 1405 211 1442 a
233 1403 263 1441 se
280 1382 392 1442 directis
408 1374 628 1442 determinatum
646 1380 806 1461 quemdam
820 1402 879 1442 nu·-

103 1495 211 1534 merum
238 1477 443 1554 aspirationum
465 1479 592 1550 amoris,
623 1474 789 1535 laciendum
804 1478 878 1535 intra

102 1558 209 1630 certum
227 1572 360 1649 temporis
382 1572 517 1650 spatium.
544 1569 672 1649 Quando
692 1573 792 1631 anima
814 1590 879 1651 per·

104 1667 182 1724 uenit
198 1663 234 1725 ad
249 1675 355 1726 statum
367 1667 513 1744 passivum
527 1661 799 1744 contemplationis,
814 1674 880 1725 tunc

105 1762 200 1820 aninra
216 1763 268 1820 etsi
284 1779 343 1820 non
359 1769 519 1833 mereatur,
545 1762 612 1840 quia
631 1778 664 1818 eo
681 1769 809 1838 tempore
822 1777 880 1819 nou

105 1862 257 1933 operatur,
279 1852 328 1911 sed
344 1861 456 1912 lanium
470 1853 607 1931 potitur,
632 1851 824 1912 nihilominus
836 1872 882 1912 ac·

106 1950 190 2026 quirit
204 1967 340 2024 magnum
354 1944 509 2026 quemdam
521 1948 647 2023 vigorem
656 1943 881 2024 adoperandum

107 2049 201 2119 postea
213 2061 278 2100 curn
286 2042 385 2117 majori
393 2039 574 2118 perfectione.
584 2036 643 2098 Sed
654 2036 881 2117 quaudoanima

107 2133 200 2194 adbuc
214 2144 256 2194 est
270 2138 299 2192 in
314 2142 388 2191 statu
402 2136 513 2207 activo,
538 2142 570 2191 ut
592 2141 750 2209 mereatur,
772 2132 881 2213 operari

108 2225 208 2302 debet,
233 2236 312 2286 actius
335 2226 426 2284 bonos
447 2223 596 2295 faciendo;
622 2234 710 2304 atque
733 2224 794 2285 haec
816 2232 884 2285 suut

108 2339 190 2398 opera
204 2363 213 2394 ‚
235 2320 339 2398 quibus
355 2320 451 2378 anima
467 2328 591 2378 meretur
605 2321 725 2397 gratiam
741 2317 883 2381 divinam.

110 2413 195 2475 Unde
219 2424 290 2475 recte
312 2411 456 2475 concludit
481 2411 556 2473 idern
583 2413 614 2473 P.
637 2413 774 2490 segnes,
806 2410 883 2491 quod

110 2507 225 2590 quando
245 2507 324 2566 Deos
348 2505 474 2584 loquitur
492 2515 520 2563 et
541 2514 696 2584 operatur,
722 2514 833 2584 oportet
853 2512 885 2562 ut

111 2604 206 2660 anima
232 2610 342 2672 taceat,
364 2610 392 2658 et
414 2607 503 2658 cesset
526 2618 542 2656 a
564 2602 623 2656 suis
648 2598 884 2677 operationibus,

111 2690 182 2751 nihil
203 2688 280 2749 aliud
300 2687 430 2769 ponendo
453 2708 489 2749 ex
512 2688 597 2749 latere
616 2708 668 2749 suo
685 2691 761 2749 circa
779 2691 885 2769 princi⁴

111 2787 188 2866 pium
204 2825 213 2857 ‚
237 2801 324 2860 quarn
348 2783 534 2841 attentionem
551 2779 707 2860 quamdam
723 2783 831 2840 amoris
848 2777 883 2840 ad

112 2880 224 2941 divinas
236 2879 426 2957 operationes:
442 2875 490 2934 sed
502 2873 620 2954 quando
632 2875 711 2933 Deus
720 2893 781 2933 non
792 2872 885 2954 loqui-

114 2981 180 3047 tur,
203 2986 317 3031 necesse
338 2979 380 3029 est
402 2978 432 3029 ut
455 2969 550 3028 anima
570 2986 599 3024 se
618 2964 737 3044 adjuvet
751 2985 784 3024 eo
801 2961 887 3024 modo

113 3084 170 3143 quo
183 3052 321 3142 potestati
335 3060 566 3140 conjungendum
578 3081 607 3120 se
620 3060 698 3133 Deo,
721 3079 754 3118 ac
765 3058 885 3118 medita·

111 3159 237 3221 tionibus
264 3162 276 3229 (
287 3155 405 3241 quando
417 3156 462 3217 har
478 3165 545 3215 sunt
556 3174 667 3215 necessa
673 3155 719 3256 riae
730 3161 741 3218 l
753 3195 763 3229 ‚
775 3151 885 3216 effecti·
