1956 3608
225 221 335 266 annu.
347 216 427 266 sctr.
442 219 714 262 concamaratae.
795 201 850 263 iar
940 180 947 197 x

81 315 286 394 conceptionis
300 311 490 373 immaculatae
507 313 596 371 beatae
608 312 706 371 Mariae
722 310 854 386 virginis,

81 423 195 467 necnon
221 409 278 473 (ut
303 402 351 465 illo
374 399 493 463 indutus
514 394 633 474 exoret)
657 403 686 461 in
706 399 856 461 hominum

81 517 236 580 pravorum
249 517 360 558 morum
372 494 600 556 reformationem
612 500 775 557 institutum
789 494 859 565 luit,

81 589 290 670 bene†dicere
306 588 452 668 digneris,
469 597 501 649 ut
523 587 570 650 hic
587 588 713 650 famular
728 589 859 667 tuus'qui

81 704 116 746 eo
138 683 257 744 indutus
279 681 384 756 fuerit,
409 679 510 743 eadem
534 682 616 743 beata
642 682 732 742 Maria
750 683 860 758 virgine

81 774 291 850 intercedente,
313 784 340 836 te
354 793 469 856 quoque
484 772 604 836 induere
625 782 777 835 mereatur.
800 774 860 851 Qui

86 870 165 932 vivis
179 877 207 928 et
220 886 342 946 regnas,
358 875 412 928 etc.

82 1030 194 1090 Postea
223 1022 402 1102 Sacerdos,
433 1045 557 1104 asperso
589 1026 753 1107 scapulare
777 1043 860 1103 aqua

144 1119 327 1213 benedicta,
345 1120 487 1198 imponat
502 1121 657 1196 recipienti
670 1120 776 1180 dicens
793 1145 799 1178 ε

124 1279 258 1352 Acarna,
283 1276 388 1351 frater,
410 1274 563 1355 scapulare
576 1277 667 1337 beatae
686 1276 786 1336 Mariae
801 1276 864 1334 uir·-

82 1373 158 1448 ginis
169 1365 380 1442 immaculatae,
397 1375 450 1443 ut,
463 1385 496 1427 ea
511 1366 721 1440 intercedente,
738 1377 863 1431 veterem

83 1461 233 1522 hominem
250 1468 376 1534 exutus,
399 1459 437 1519 ab
451 1461 531 1518 omni
545 1461 765 1539 inquinamento
777 1475 865 1517 murt-

85 1552 188 1625 datus',
213 1557 308 1632 ipsum
324 1549 447 1630 perieras
458 1552 521 1608 sine
534 1553 644 1611 macula
656 1594 667 1627 ,
681 1562 709 1611 et
724 1551 762 1612 ad
773 1554 864 1612 vitam

85 1646 235 1727 pervenias
251 1644 468 1721 sempiternam.
491 1639 597 1700 Arnen.

127 1737 164 1795 Et
183 1755 234 1812 ego
252 1752 288 1794 err
305 1731 440 1794 facultate
459 1730 531 1792 mihi
546 1729 649 1791 tradita
668 1732 774 1810 recipio
790 1739 817 1790 te
835 1733 865 1790 io

87 1832 331 1912 participationem
354 1828 495 1888 bonorum
516 1826 731 1907 spiritualium,
756 1845 821 1906 quae
835 1829 865 1886 io

87 1934 183 1985 nostra
204 1925 420 2009 congregatione
437 1923 526 1999 gratia
550 1922 605 1981 Dei
631 1921 727 1996 fiunt,
752 1930 780 1981 et
801 1941 867 2000 quae

87 2038 139 2099 per
152 2022 256 2078 sanctae
270 2015 355 2076 Sedis
370 2014 530 2095 apostoticae
543 2014 723 2095 privilegium
736 2033 867 2075 concessa

88 2120 170 2172 sunt.
189 2111 226 2170 ln
238 2114 356 2171 nomine
369 2106 496 2187 Patrisi·
511 2151 521 2185 ‚
544 2119 574 2170 et
587 2107 653 2172 Filii
667 2150 678 2185 ,
702 2117 729 2169 et
741 2108 868 2189 Spiritus

90 2205 201 2267 Sancti.
224 2205 330 2266 Amen.

129 2301 164 2361 Si
173 2297 321 2375 infirmus
331 2318 493 2376 nunquam
502 2298 651 2377 acceperit
661 2297 787 2375 aliquod
797 2317 869 2358 sca·

88 2395 217 2474 putare,
237 2391 283 2451 rel
296 2389 425 2468 aliquod
436 2409 481 2451 ex
496 2390 553 2465 iis,
583 2391 621 2450 cle
640 2391 751 2467 quibus
768 2411 867 2466 supra

90 2506 264 2549 sermonem
271 2484 426 2562 fecimus,
445 2496 530 2546 curet
542 2482 694 2544 Sacerdos
705 2483 758 2560 qui
760 2485 868 2561 sacul-
879 2533 885 2539 ..

91 2594 186 2646 tatem
203 2582 316 2657 habet,
340 2592 374 2640 ut
395 2577 536 2659 infirmus
560 2592 634 2642 tuuc
658 2577 807 2658 recipiat,
835 2592 870 2642 ut

93 2677 297 2758 indulgentias
314 2677 460 2738 lucretur.

403 2912 561 2975 FINIS.

434 3066 450 3103 Ι
