1956 3608
216 203 283 251 usu.
295 208 337 252 vr.
349 208 414 250 cun
425 188 679 267 uounuuuuutuus,
693 199 747 253 etc·
809 213 863 273 ¹¹7

86 287 206 381 queant
227 301 364 380 regulares
387 300 534 362 absolvere
552 299 637 362 laicos
653 322 670 362 a
690 301 804 362 casibus
819 321 866 362 re-

86 396 215 454 servatis
238 396 275 455 ab
304 393 449 475 Episcopis
473 398 683 475 (r),·possunt
709 404 805 456 tamen
832 414 867 456 ex

88 487 276 567 probabiliori
296 490 436 548 sententia
459 487 604 549 absolvere
620 510 637 549 a
652 487 805 569 Papalibus
820 507 868 549 re-

87 582 215 639 servatis
230 580 374 659 Episcopis
393 582 459 650 (2),
476 581 599 657 exceptis
611 599 721 659 semper
737 600 805 640 vero
817 599 867 640 sex

89 673 208 734 casibus
222 672 402 746 Clementis,
431 681 464 731 ut
488 691 582 752 supra.
612 673 718 751 Quoad
738 673 867 735 subditos

89 783 185 838 vero,
204 773 322 845 possunt
334 783 381 822 eos
395 761 542 823 absolvere
555 765 592 823 ab
610 765 743 824 omnibus
756 766 868 825 casibus

89 856 180 936 Papae
192 859 362 929 reservatis,
378 859 463 915 etiarn
478 857 616 936 publicis,
632 861 774 938 etiamque
789 879 805 917 a
820 879 868 918 ca·

91 952 175 1010 sibus
183 951 271 1010 bullae
282 950 395 1024 Coeuae,
405 952 529 1030 exceptis
541 953 664 1030 relapsu
672 952 703 1011 in
714 952 869 1025 boeresim,

81 1043 314 1124 ,falsificatione
330 1045 500 1104 litterarum
519 1045 757 1123 apostolicorum
774 1058 804 1107 et
817 1044 870 1105 de·

92 1141 208 1201 tattone
222 1137 445 1215 prohibitorum
460 1139 504 1199 ud
515 1139 676 1216 iufideks,
702 1159 738 1200 ex
753 1158 870 1200 conces-

94 1236 176 1294 sione
191 1232 261 1293 lacta
274 1232 400 1292 Praelatis
413 1231 521 1291 ordinis
533 1232 769 1307 Praedicatorum,
783 1241 810 1291 et
822 1253 870 1311 per

96 1327 384 1389 communicationem
411 1324 533 1386 aliorum
559 1323 693 1386 ordinum
715 1327 746 1385 in
769 1325 870 1400 bulla,

96 1421 254 1483 Pretiosos
274 1439 335 1502 79,
357 1418 432 1480 edita
458 1439 536 1481 anuo
559 1438 657 1499 1727,
684 1421 734 1480 ubi
755 1422 871 1500 insuper

97 1533 261 1576 concessum
278 1524 321 1574 est
340 1513 475 1573 Generali
499 1511 627 1589 ordinis,
647 1528 681 1574 ut
701 1515 766 1595 ipse
785 1517 869 1576 solus

96 1611 191 1689 possit
217 1610 258 1670 ub
289 1608 515 1687 irregularitate
539 1609 720 1679 itariusmudi
746 1610 871 1676 (scilicet

98 1712 158 1763 orta
176 1721 213 1763 ex
232 1699 412 1774 homicidio)
437 1699 614 1777 dispensare
639 1702 871 1776 cumfratribus

97 1795 154 1856 sibi
161 1793 291 1854 subditis
299 1835 307 1868 ,
316 1791 486 1852 dummodo
496 1791 698 1852 homicidium
710 1791 872 1868 nonfuerit

97 1900 321 1967 appensutum,
341 1898 370 1945 et
384 1885 465 1945 intro
482 1886 619 1948 claustra
633 1884 782 1948 exstiterit
795 1906 871 1948 eun·

97 1996 289 2044 summotum
310 1982 365 2053 (ὅ).

94 2094 101 2101 ·
138 2071 377 2137 82.¹Notandum
395 2071 442 2133 hic
459 2068 537 2152 quod
556 2073 580 2133 si
600 2074 666 2152 quis
680 2072 789 2150 ignorat
806 2092 874 2132 cen·

99 2188 197 2230 suram
217 2167 374 2249 Papalem,
394 2186 446 2228 nec
464 2169 576 2247 ipsam,
602 2184 655 2227 nec
679 2184 762 2229 casus
784 2183 875 2224 reser-

98 2265 246 2326 vationem
264 2264 407 2337 incurrit,
432 2264 500 2340 quia
520 2280 603 2323 casus
628 2259 745 2342 Papales
766 2249 876 2340 priuci-

99 2355 202 2439 paliter
219 2356 256 2416 ob
281 2368 437 2415 censuram<
453 2364 633 2415 reservantur
647 2362 705 2431 (4).
728 2354 774 2414 td
788 2353 875 2414 diffe-

81 2440 83 2447 ’
100 2450 223 2509 rentiam
234 2465 353 2508 casuum
366 2446 575 2526 Episcopalium
587 2487 597 2519 ,
610 2465 734 2524 quorum
745 2447 875 2503 nesciens

101 2559 271 2617 censuram,
293 2543 380 2601 etiarn
393 2541 511 2601 incurrit
520 2546 616 2600 casum
635 2558 642 2610 3
661 2538 733 2619 quia'
743 2538 875 2618 Episcopi

97 2634 295 2717 ‘principaliter
304 2652 402 2694 casum
414 2642 558 2695 reservant
570 2634 632 2710 (5),
644 2643 673 2693 et
680 2630 750 2709 hoc,
764 2633 876 2693 etiarnsi

103 2732 248 2809 ignoretur
266 2749 348 2791 casus
361 2733 537 2809 reservatio,
564 2739 599 2794 ut
617 2731 801 2811 probavimus
818 2729 875 2800 (6).

137 2891 176 2952 (ι)
195 2887 250 2940 Lib.
266 2907 298 2954 7,
317 2903 391 2940 nrrru.
406 2891 447 2957 98.
581 2890 620 2950 (a)
637 2887 720 2939 Num.
732 2902 776 2953 99.

138 2970 178 3032 (3)
196 2967 253 3020 Lib.
268 2989 300 3035 7,
318 2984 344 3020 v.
357 2985 384 3019 n.
400 2984 443 3019 ror
458 2973 487 3019 et
500 2976 555 3032 rot.

138 3053 179 3114 (4)
196 3047 252 3101 Lib.
265 3053 297 3112 6,
312 3064 388 3100 num.
402 3049 459 3100 ⁵80.
531 3055 533 3059 '
588 3042 626 3109 (5)
643 3041 752 3099 ibidems

141 3134 179 3194 (ὁ)
197 3131 280 3183 Num.
294 3133 350 3184 581.
