1956 3608
292 555 674 649 INTRODUCTIO.

83 924 124 962 ·1.
144 863 280 964 Mrem
292 904 391 982 otique
403 901 455 960 erit
466 914 590 970 merces,
606 916 663 976 qua
674 897 704 955 in
714 899 868 956 aetemitats

95 994 357 1073 compensabuntor
367 994 433 1052 boni
447 989 635 1063 confessarii,
651 998 678 1048 et
690 986 785 1048 desua
797 1007 869 1067 prae·

16 1082 20 1087 ’
78 1158 82 1163 ι
94 1086 283 1149 destinatione
292 1092 329 1148 ita
342 1089 431 1148 securi
440 1094 508 1146 sont
522 1087 541 1145 ii
554 1085 643 1162 quise
654 1081 690 1142 ad
703 1084 866 1145 animarum

94 1181 212 1242 salntem
230 1193 385 1262 occupant,
400 1191 432 1241 ut
449 1180 573 1240 lacobus
589 1176 732 1256 apostolus
751 1176 868 1253 (Epist.

91 1296 164 1351 ¹serp.
184 1277 218 1352 5,
233 1299 261 1337 o.
272 1284 333 1348 20)
351 1277 496 1355 perspicue
506 1271 559 1332 hoo
575 1279 690 1330 testetur
700 1269 745 1329 his
756 1267 867 1326 verbis:

99 1367 160 1445 Qui
177 1369 309 1428 converti
314 1369 623 1444 seceritpsccatorem
638 1364 678 1423 ob
695 1381 797 1423 errore
810 1360 867 1420 oiae

95 1481 185 1535 snos,
212 1463 341 1523 salvabit
356 1463 494 1523 onimom
511 1460 577 1536 ejus
596 1463 722 1537 (nempe
736 1460 799 1534 ejus
815 1456 867 1534 qui

96 1557 225 1614 converti
238 1554 355 1630 lecerit,
375 1564 423 1629 el,
446 1564 479 1614 ot
494 1554 618 1633 loquitur
634 1561 726 1612 textus
742 1569 869 1628 graecos,

95 1648 248 1710 Animam
263 1657 378 1720 suom)
393 1670 413 1706 a
424 1662 542 1722 morte,
561 1661 588 1708 et
601 1647 714 1725 operiet
730 1645 867 1703 multitu-

93 1740 195 1800 dinem
206 1756 412 1816 peccatorum.
436 1736 587 1825 Sedlrisset
599 1749 684 1820 atque
696 1737 868 1798 lamentator

94 1834 241 1909 Eoolesia¹
262 1834 416 1895 videns'tot
433 1835 589 1915 ἧΙίοψρι
600 1843 712 1914 propter
726 1831 867 1892 malorum

94 1928 337 1988 confessariorum
354 1931 415 1986 sive
429 1926 619 2006 immin,
636 1931 697 1987 sive
708 1931 869 2002 incuriam,

95 2024 156 2081 sive
167 2024 343 2101 impietatem
358 2019 395 2081 ad
409 2018 571 2098 gehennam
588 2018 744 2090 destinari3
759 2027 866 2081 etenim

94 2131 129 2173 ex
144 2111 256 2173 illorum
272 2115 352 2173 -bono
368 2123 419 2173 aot
435 2110 511 2173 malo
530 2114 666 2190 regimine
687 2115 867 2192 potissimum

94 2207 189 2288 populi
200 2210 352 2286 pernicies,
361 2219 410 2269 aot
419 2208 495 2268 salus
504 2205 618 2287 pendet.
629 2209 796 2269 Habeantor
806 2207 868 2268 ido-

94 2304 140 2360 nei
157 2301 329 2362 Confessam
346 2301 484 2371 (dixitS.
496 2303 644 2377 prov),
661 2304 867 2363 ecceomniurn

93 2391 312 2455 christianornm
327 2392 491 2453 omnimoda
511 2393 682 2455 reformatio.
707 2393 772 2453 Non
786 2395 867 2454 enirn

93 2498 136 2546 est
150 2486 342 2547 dubitandum
365 2491 458 2568 quin,
481 2492 504 2547 si
523 2488 623 2550 omnes
640 2486 810 2550 confessarii
832 2507 866 2549 ea

94 2579 232 2659 pollerent
259 2583 401 2655 seientia,
430 2591 457 2641 et
482 2602 597 2642 morum
619 2582 769 2657 bonitate,
793 2602 867 2662 quas

69 2704 72 2710 ·
94 2680 207 2732 tantum
222 2674 411 2732 ministerium
427 2677 526 2752 exigit4
548 2674 784 2736 neemundosita
801 2695 867 2754 pec-

94 2774 221 2825 catorum
235 2784 317 2827 ooeno
330 2765 496 2846 deturpatus
508 2779 603 2843 esset,
621 2789 673 2830 nec
687 2768 815 2828 iniamus
827 2776 868 2826 tot

96 2858 302 2934 baptizatorum
313 2862 466 2920 animabus
480 2861 640 2940 repleretur.
656 2862 692 2919 Et
702 2879 766 2920 cum
778 2860 867 2920 boni·

94 2964 187 3011 rotem
200 2949 280 3028 dico,
297 2972 356 3012 non
374 2953 422 3014 hio
439 2955 564 3030 intelligo
583 2954 660 3012 illam
679 2951 766 3010 solam
781 2949 868 3010 habi·

95 3043 216 3117 tualem,
227 3065 291 3123 quae
300 3047 458 3125 simplicem
469 3051 564 3120 gratia
573 3054 694 3120 statum,
709 3043 758 3103 sed
770 3045 869 3121 positi·

94 3156 160 3200 vam
171 3139 339 3221 bonitatem,
348 3158 413 3222 quae
423 3135 892 3207 mmtstromromtentmteeet,
