1956 3608
188 224 217 300 §.
233 244 278 285 111.
293 242 398 284 uenvrs
408 236 512 282 nntxrs
522 238 613 282 ortu.
628 238 768 282 nurture.
810 224 867 297 245

88 345 164 397 ante
181 335 279 393 omnia
295 375 305 407 ,
332 340 364 417 ut
376 340 539 392 assuescant
552 333 655 411 saepius
671 349 701 388 se
715 330 779 411 Deo
793 349 873 390 com-

87 426 254 501 mendare,
282 427 319 486 ab
343 446 377 485 eo
400 435 528 486 sanctam
555 427 793 504 perseverantiam
823 443 873 503 per

87 524 198 583 merita
213 521 280 582 Jesn
293 521 402 580 Christi
412 528 441 579 et
455 520 555 578 Mariae
564 518 748 597 postulantes.
760 518 872 598 Saepius

86 634 213 696 queque
221 613 352 694 praedicet
363 614 484 691 gratias,
501 621 529 671 et
541 613 679 691 precipue
689 631 875 690 perseveran-¹

82 712 139 784 ¹tire
155 707 267 768 'donum
281 726 341 767 non
353 705 469 768 concedi
487 709 540 766 nisi
557 706 739 785 petentibus:
759 709 870 780 Petite,

84 817 117 863 et
142 801 307 879 acapietis.
336 800 500 880 Notamque
515 800 600 860 faciat
614 798 694 858 illam
710 799 873 877 promissio·

85 912 160 957 nem
173 891 242 953 Jesu
258 891 387 966 Christi,
410 890 554 972 quidquid
577 912 592 951 a
616 891 699 950 Patre
711 889 871 969 postulabi-

85 1005 157 1049 mus
171 989 203 1045 in
220 989 338 1045 nornine
352 989 436 1063 ejus,
456 984 486 1044 id
502 1004 588 1046 omne
603 985 716 1045 Patrem
733 983 869 1044 daturum

84 1083 174 1142 nobis
190 1102 197 1137 :
215 1083 337 1157 Amen,
351 1101 444 1141 omen
459 1081 527 1143 dico
539 1080 644 1153 uobis,
658 1081 685 1139 si
695 1079 769 1158 quid
777 1080 871 1156 petie-

83 1174 155 1234 ritis
180 1172 307 1232 Putrem
334 1171 366 1229 in
389 1172 512 1230 nomine
538 1191 631 1239 meo,
665 1170 752 1228 dabit
777 1171 869 1228 vobis.

84 1265 199 1334 (Joan.
219 1262 335 1336 16,23.
352 1269 376 1332 ).
387 1262 518 1321 Insinuet
534 1264 620 1321 etiarn
635 1263 770 1320 orationis
784 1279 869 1320 nten-

81 1358 155 1421 taiis
170 1376 255 1416 usum
267 1399 277 1431 ,
291 1366 319 1415 et
332 1366 411 1416 curet
427 1359 456 1415 in
468 1355 583 1417 ecclesia
598 1376 664 1419 curn
681 1355 785 1437 populo
796 1376 868 1436 quou

82 1452 183 1525 tidie,
206 1459 255 1511 ant
272 1450 371 1510 saltem
396 1448 497 1510 diebus
521 1450 647 1525 festivis,
673 1450 772 1510 utilia
795 1450 867 1521 fiat;

82 1543 218 1607 docendo
229 1547 315 1604 etiarn
331 1563 418 1622 quern
433 1543 552 1603 modurn
567 1544 645 1604 dorni
657 1548 727 1605 inea
737 1544 867 1607 facienda

83 1648 186 1701 tenere
199 1646 338 1717 possunt3
359 1635 480 1715 ideoque
492 1635 539 1696 hic
552 1637 734 1712 subjungitur
743 1636 867 1716 sequens

82 1733 264 1806 instructio,
291 1732 339 1790 ubi
355 1731 508 1809 exponitur
529 1731 700 1805 necessitas,
719 1739 747 1789 et
766 1729 868 1791 modus

83 1828 230 1907 practicus
246 1827 381 1886 orationis
394 1822 538 1884 mentalis.

110 1998 159 2071 ·§.
172 1999 228 2061 lll.
248 1999 351 2062 Brevis
363 1996 476 2075 praxis
496 1996 652 2060 Orationis
671 1986 824 2059 Mentulr's.

126 2200 199 2260 217.
220 2180 291 2241 Norr
307 2192 348 2242 est
370 2179 563 2244 dubitandum
584 2183 656 2262 quin
676 2199 712 2241 err
732 2180 865 2242 conside·

85 2278 205 2338 rationis
220 2278 372 2335 veritatum
391 2285 561 2337 aeternarum
582 2275 713 2351 deiectu,
737 2269 864 2340 mundus

84 2372 210 2451 peccatis
223 2377 349 2443 scateat,
362 2377 390 2427 et
402 2368 530 2429 internus
543 2372 695 2431 animabus
705 2371 863 2450 repleatur:

82 2465 282 2543 Desolutione
305 2463 444 2522 desolata
469 2475 514 2524 est
537 2464 637 2524 omnis
662 2475 765 2539 tenu,
789 2466 863 2543 quia

82 2559 188 2637 nullus
198 2571 243 2617 est
256 2557 309 2634 qui
324 2557 468 2638 recogitet
482 2556 583 2618 corde.
600 2555 665 2618 Jer.
684 2576 718 2616 12
730 2599 740 2634 ,
750 2540 754 2555 ¹
766 2578 776 2616 r
786 2579 810 2617 t.
826 2559 864 2621 Et

84 2658 183 2709 contra
197 2689 206 2722 ,
225 2650 265 2707 ait
281 2646 403 2727 Spiritus
417 2647 541 2711 Sanctus
554 2668 621 2709 euru
635 2651 686 2731 qui
697 2667 772 2731 saepe
784 2672 861 2714 mor·

84 2751 163 2815 tern,
179 2739 340 2816 judicium,
368 2751 396 2800 et
419 2746 605 2803 eternitatem
621 2755 817 2819 memoratur,
843 2767 860 2807 a

84 2834 208 2913 peccatis
225 2833 335 2893 liberari
352 2856 358 2891 :
375 2838 551 2898 Memorare
562 2836 726 2897 novissima
737 2850 813 2909 tua,
831 2851 860 2897 et

83 2930 117 2991 in
138 2940 290 2988 aeterrrum
313 2950 374 2988 non
388 2931 528 3003 peccabis
541 2955 551 2990 .·
562 2929 655 2987 Eccti.
669 2947 684 3003 7
698 2968 709 3002 ,
724 2928 772 2999 40.
788 2928 861 3005 Qni-

84 3019 152 3080 darn
175 3030 271 3080 auctor
295 3020 363 3080 dicit
385 3020 463 3099 quod
485 3024 509 3080 si
532 3042 547 3079 a
568 3019 711 3079 damnatis
733 3022 857 3082 sciscita-

85 3122 160 3174 retur
175 3135 183 3187 ;
198 3116 262 3176 Cur
277 3136 328 3177 vos
342 3116 373 3175 in
388 3115 508 3189 inferno
524 3112 593 3176 estis
613 3109 625 3170 i
644 3117 736 3189 major
757 3133 854 3177 eorurn
