1956 3614
228 225 254 303 §.
271 241 316 286 ru.
337 235 424 282 crnct
437 238 549 282 ronrcrs
564 237 725 283 orrrcronr.
823 227 860 302 73

81 328 159 413 ¹quit
168 331 259 392 ttttssa
270 331 403 392 celebrari
413 349 476 390 cum
489 348 522 391 ea
533 329 671 407 gravitate
681 336 709 388 et
720 326 866 406 decentia,

89 448 160 507 quae
177 417 254 488 tanto
268 428 406 488 sacrificio
418 428 562 486 convenit.
579 426 716 504 Insuper,
731 443 767 486 ex
777 425 868 488 Missa

90 524 182 582 nimis
200 523 367 584 festinanter
387 519 549 603 celebrata,
570 522 659 580 oritur
676 521 762 581 etiam
781 539 869 598 grave

91 617 261 699 scandalum
283 618 453 692 Laicorum‘,
471 617 596 694 quibus,
617 623 650 673 ut
664 615 704 673 ait
720 613 869 676 Bellarmi·

93 731 151 775 uus
177 718 246 788 (ι),
271 710 406 775 videntur
426 707 594 787 hujusmodi
617 706 783 768 Sacerdotes
806 727 866 772 non

90 805 206 868 credere
215 804 294 886 quod
307 807 338 865 in
354 805 444 864 Missa
459 803 568 863 realiter
582 803 619 862 sit
632 820 755 881 praesens
769 800 868 865 divina

92 899 202 960 Christi
215 895 339 959 Domini
352 900 496 974 majestas.

133 993 186 1054 50.
206 992 371 1067 Praeterea,
398 1008 456 1050 non
479 990 530 1050 erit
557 990 743 1069 improprium
768 986 870 1052 Sacer·

90 1084 175 1148 dotes
190 1087 386 1170 interrogare,
404 1104 441 1145 an
459 1086 490 1144 in
505 1086 632 1164 ipsorum
651 1084 741 1163 patria
762 1103 868 1164 magna

89 1181 129 1240 sit
145 1181 264 1261 peuuna
283 1175 554 1239 confessariorum?
572 1177 614 1235 llo
627 1178 706 1235 enirn
719 1196 785 1237 casu
799 1198 868 1257 pos-

89 1281 136 1333 set
148 1272 253 1353 aliquis
269 1269 406 1332 Sacerdos
420 1272 509 1330 teneri
520 1266 557 1329 ad
573 1288 603 1328 se
615 1266 793 1330 reddendum
804 1270 884 1332 ido·-
909 1266 914 1273 ’

89 1386 183 1428 neum
206 1364 244 1426 ad
271 1363 459 1426 confessiones
483 1360 685 1444 excipiendas,
715 1373 747 1425 ut
764 1363 868 1426 validis

89 1461 252 1526 rationibus
265 1460 447 1540 probavimus
464 1455 528 1530 (ᾖε
544 1460 649 1538 quibus
663 1458 786 1522 addatur
797 1459 869 1522 doc-

89 1561 169 1620 trina
184 1555 223 1617 D.
235 1554 378 1630 Thomas,
395 1556 445 1633 qui
461 1551 585 1631 (Suppl.
607 1573 636 1631 q.
658 1555 717 1627 34,
739 1563 793 1616 art.
817 1563 866 1628 r.)

88 1645 210 1732 inquit,
233 1649 331 1707 Deum
350 1646 387 1708 ad
401 1646 455 1708 hoc
468 1647 624 1706 instituisse
637 1647 666 1703 in
681 1646 804 1709 Ecclesia
820 1664 869 1710 ot-

87 1745 192 1806 dinem
208 1742 461 1822 Presbyterum,
481 1748 513 1799 ut
528 1740 581 1818 ipsi
599 1737 662 1799 aliis
684 1738 869 1805 Sacramenta

89 1841 298 1905 ministrarent.
311 1839 350 1896 Et
360 1836 427 1896 ideo
441 1835 549 1910 (verba
560 1833 592 1894 S.
607 1834 759 1908 Doctoris)
774 1841 884 1917 posuit·

88 1930 235 2001 ordinem
250 1935 283 1994 in
296 1953 357 2006 eo,
379 1943 413 1991 ut
435 1930 558 2008 quidem
574 1933 643 1992 aliis
661 1932 867 2003 Sacranrenta

88 2028 259 2092 traderent.
295 2025 403 2087 ldcirco
429 2021 596 2084 Sacerdotes
618 2024 796 2104 appellantur
817 2027 868 2090 lux

88 2120 220 2197 mundi,
236 2119 277 2181 sal
289 2130 389 2195 terrac,
404 2129 432 2180 et
445 2116 622 2195 coadjutores
636 2119 705 2181 Dei.
725 2120 805 2182 Cum'
814 2125 868 2202 igi·

88 2226 142 2278 tur
165 2213 231 2274 finis
254 2211 414 2274 Sacerdotis
430 2213 466 2271 sit
482 2210 666 2273 Sacramenta
682 2215 867 2293 ministrare,

87 2303 239 2388 quomodo
257 2307 317 2384 ipse
339 2305 470 2383 poterita
493 2301 575 2382 culpa
598 2295 744 2382 excusari,
768 2309 792 2367 si
816 2313 866 2372 vi-

88 2399 168 2462 derit
186 2418 252 2460 suos
269 2406 467 2458 conterraneos
484 2414 577 2456 carere
602 2395 811 2478 confessariis,
836 2414 867 2465 et

85 2493 159 2556 ideo
168 2492 263 2574 plures
273 2492 409 2551 commin
419 2496 531 2570 peccato
540 2508 671 2566 manere,
685 2512 750 2552 cum
760 2514 865 2576 magno
879 2528 881 2533 v

87 2584 289 2647 damnationis
302 2578 439 2662 periculo,
456 2583 557 2662 etipse
572 2581 691 2642 Domini
706 2583 792 2649 finem
802 2632 813 2666 ,
825 2592 863 2653 ob

86 2697 180 2761 quern
195 2673 234 2737 ad
247 2670 442 2734 Sacerdotium
457 2673 513 2734 luit
525 2682 639 2734 evectus
654 2695 670 2736 a
685 2675 767 2754 Deo,
784 2680 864 2744 frus·
963 2684 965 2688 ’

86 2780 200 2835 tratum
217 2766 328 2844 reddit,
351 2765 519 2846 negligendo
539 2787 577 2828 ex
595 2771 705 2848 pigritia
725 2771 861 2840 idoneum

84 2862 168 2928 effici
191 2862 228 2925 ad
248 2860 470 2923 ministrandum
491 2861 668 2924 Poenitentiae
687 2862 861 2928 Sacramen-

85 2969 176 3037 tum,
190 2954 267 3038 quod
277 2957 362 3034 saluti
372 2957 554 3034 animarum,
569 2963 686 3035 excepto
695 2954 859 3044 Baptismo‚

122 3145 165 3215 tr>
179 3139 290 3197 tbtdem.
557 3139 597 3202 ta)
613 3136 695 3193 Num.
706 3141 765 3282 gt.
833 3140 838 3146 '
