1956 3608
246 223 272 296 §.
287 240 330 284 ru.
351 239 438 283 cunct
451 236 565 283 tuurcrs
578 238 738 283 orrrcuuut.
838 222 877 285 55

108 352 193 392 versa
210 332 280 392 mala
297 337 496 413 exoptaverit,
520 352 567 394 en.
578 352 619 409 gr.
631 374 641 407 ‚
653 340 793 405 mortem,
810 331 883 393 infa-

109 425 218 496 miam,
236 435 455 504 paupertatem,
478 434 532 486 etc.
550 432 661 484 tenetur
675 424 771 484 omnia
790 420 885 484 decia·

109 534 193 591 rare,
217 527 244 578 et
258 525 325 576 eunt
339 514 453 578 diverso
469 526 581 598 peccata
597 536 716 577 numero
727 514 883 592 distincta,

107 628 176 671 curn
193 628 224 670 ea
242 610 333 671 votuit
346 607 498 672 efficaciter
513 609 554 670 itti
566 609 670 671 inferre
683 631 691 681 ς
713 619 766 672 aut
778 612 801 669 ai
814 628 884 690 spe-

106 704 204 764 ciatim
219 712 249 763 et
262 705 291 762 in
308 703 471 783 particulari
484 706 596 785 optauit
618 713 651 765 ut
670 701 730 765 haec
750 702 790 764 itti
808 706 884 766 acci·

107 794 219 856 derent.
255 797 346 858 Aliter
369 808 491 870 autern,
522 807 555 859 ut
581 796 681 859 dicunt
702 797 884 878 probabiliter

106 887 192 948 multi
212 887 280 946 DI).
300 892 370 962 (r),
392 890 571 969 eioptaierit
589 888 666 949 mela
681 887 730 949 itta
753 890 806 948 sub
825 906 884 949 uno

102 998 211 1060 genere
227 981 316 1055 mali,
339 1002 444 1063 nempe
458 993 490 1042 ut
503 982 595 1044 media
610 981 647 1042 ad
662 985 777 1045 ruinani
798 1001 885 1062 oppe·

106 1077 190 1134 titaru
209 1074 334 1137 inimico.
359 1075 398 1134 Et
414 1074 462 1135 hic
474 1085 518 1137 est
534 1074 664 1137 contusio
683 1072 885 1135 Confessario·

106 1188 193 1242 rum,
213 1169 242 1227 iu
256 1166 443 1230 discernendo
456 1189 493 1229 an
505 1172 736 1248 imprecationes,
755 1189 820 1248 que
834 1189 883 1228 ru-

101 1259 193 1321 dibus
214 1280 277 1321 esse
295 1261 538 1335 sotent'uuuale³‚
559 1262 664 1323 fuerint
678 1271 792 1342 percute
806 1282 885 1323 mor·

104 1355 176 1416 talia
190 1395 201 1428 ,
213 1374 251 1415 an
265 1355 397 1417 venialia.
415 1357 451 1417 ln
466 1356 638 1438 hocopottet
647 1359 818 1435 interrogare
827 1359 883 1419 im·

104 1451 208 1529 primic
222 1449 433 1524 Portunum,
448 1471 487 1511 an
497 1453 527 1511 in
539 1450 588 1511 itto
602 1460 667 1512 actu
679 1449 884 1513 desideraverit

100 1541 260 1605 deliberate
282 1553 316 1604 ut
342 1542 398 1605 itte
433 1542 647 1605 succederent?
668 1543 728 1605 Sed
747 1543 801 1606 hoc
820 1565 881 1606 nou

103 1634 211 1698 sufficit
224 1636 262 1697 ad
276 1646 383 1699 certum
405 1637 544 1714 judicium
566 1636 730 1707 faciendum
745 1660 753 1696 :
772 1659 829 1719 qua
843 1638 882 1705 te

104 1750 137 1791 re
163 1750 235 1811 opus
252 1740 342 1792 estut
357 1741 455 1811 postea
479 1733 651 1808 interroget,
671 1732 696 1791 ei
710 1733 882 1812 imprecatus

100 1824 190 1900 fuerit
208 1827 238 1884 in
253 1834 425 1900 extraneos,
447 1845 485 1886 an
499 1827 529 1885 in
545 1827 743 1907 propinquos3
764 1828 832 1906 quia
850 1830 882 1887 iu

100 1917 158 1979 hos
180 1921 340 2000 (praecipue
352 1921 381 1977 in
393 1918 485 1993 fitius,
499 1918 654 1998 coniuges,
664 1930 715 1983 aut
727 1929 880 2000 parentes)

101 2030 169 2070 ram
183 2014 297 2070 animus
313 2030 419 2090 pravus
432 2009 523 2070 adest
550 2011 696 2073 Postremo
707 2022 817 2091 oporiet
830 2016 895 2073 in·.

102 2114 244 2180 terrogare
259 2103 294 2165 de
310 2123 394 2165 causa
414 2125 465 2166 cur
481 2124 529 2164 eas
548 2106 764 2184 imprecationes
779 2115 882 2187 protu-

102 2196 272 2273 leri13dum
289 2203 313 2259 si
333 2220 417 2261 causa
432 2201 546 2282 gravis,
571 2209 620 2260 aut
639 2201 752 2261 fervens
772 2203 813 2262 ira
828 2203 881 2262 iu·

103 2286 303 2369 'tercesserint‚
323 2292 405 2355 facite
423 2307 467 2357 est
482 2308 550 2359 tunc
562 2297 649 2359 etiarn
664 2317 786 2378 pravum
801 2292 880 2359 deei-
976 2362 978 2366 Α

99 2386 215 2448 derium
229 2387 400 2448 interfuisse.
414 2391 576 2464 Ceterum,
592 2411 650 2451 non
663 2390 769 2453 sufficit
783 2392 879 2451 Poerri·

100 2483 195 2553 tenti,
209 2479 245 2540 ad
260 2479 436 2542 excusandas
446 2483 679 2561 imprecationes,
695 2482 787 2547 dicere
799 2482 878 2566 quod
948 2541 964 2549 -

101 2584 218 2636 tautum
247 2577 276 2633 in
302 2576 459 2653 itionem,
486 2587 518 2637 ut
541 2581 692 2641 evenerint
719 2583 875 2662 cupiebat;

99 2669 171 2743 quia
185 2667 239 2728 hoc
252 2673 312 2746 jam
331 2667 437 2731 sufficit
457 2678 490 2732 ut
512 2673 543 2731 in
567 2672 616 2733 illo
634 2684 699 2735 actu
723 2681 873 2739 commissa

99 2765 142 2824 ait
153 2753 254 2844 *culpa
267 2766 383 2841 gravis:
402 2764 480 2826 unde
500 2767 699 2832 confessarius
715 2782 785 2832 tunc
806 2793 875 2851 per·

99 2858 197 2938 quirat
211 2856 247 2917 de
263 2877 402 2933 nurnero,
424 2870 453 2920 et
472 2860 577 2937 judicet
600 2863 636 2924 de
655 2869 696 2925 eia
717 2864 816 2925 saltem
842 2875 875 2928 ut

98 2967 198 3011 coram
214 2948 276 3009 Deo
293 2959 360 3011 sunt
376 2971 384 3022 ς
401 2961 430 3010 et
442 2972 529 3030 quem
545 2953 700 3015 recidivum
718 2958 747 3014 in
758 2976 792 3016 eo
804 2959 874 3019 vitio

135 3145 175 3208 (ι)
193 3144 272 3197 Toni.
285 3142 313 3207 1,
330 3144 375 3199 tib.
389 3151 419 3210 5,
432 3163 509 3201 nuni.
525 3155 567 3204 50.
578 3167 601 3204 r.
616 3151 759 3222 Qriaer'nur
773 3158 804 3208 5.
859 3190 864 3198 .

704 3237 736 3295 C,
759 3240 796 3308 lc·
