<?xml version="1.0" encoding="UTF-8"?>
<!DOCTYPE html PUBLIC "-//W3C//DTD XHTML 1.0 Transitional//EN"
    "http://www.w3.org/TR/xhtml1/DTD/xhtml1-transitional.dtd">
<html xmlns="http://www.w3.org/1999/xhtml" xml:lang="en" lang="en">
 <head>
  <title>
</title>
<meta http-equiv="Content-Type" content="text/html;charset=utf-8" />
  <meta name='ocr-system' content='tesseract 3.04.00' />
  <meta name='ocr-capabilities' content='ocr_page ocr_carea ocr_par ocr_line ocrx_word'/>
</head>
<body>
  <div class='ocr_page' id='page_1' title='image "./praxiaconfessar00ligugoog_0270.png"; bbox 0 0 1956 3608; ppageno 0'>
   <div class='ocr_carea' id='block_1_1' title="bbox 134 205 878 278">
    <p class='ocr_par' dir='ltr' id='par_1_1' title="bbox 134 205 878 278">
     <span class='ocr_line' id='line_1_1' title="bbox 134 205 878 278; baseline 0.009 -18"><span class='ocrx_word' id='word_1_1' title='bbox 134 266 142 273; x_wconf 57' lang='grc'>,</span> <span class='ocrx_word' id='word_1_2' title='bbox 223 205 254 278; x_wconf 72' lang='lat'><strong>§-</strong></span> <span class='ocrx_word' id='word_1_3' title='bbox 268 219 301 261; x_wconf 89' lang='lat' dir='ltr'><strong>rr.</strong></span> <span class='ocrx_word' id='word_1_4' title='bbox 315 216 455 261; x_wconf 74' lang='lat' dir='ltr'><strong>nunnoni</strong></span> <span class='ocrx_word' id='word_1_5' title='bbox 468 218 623 261; x_wconf 77' lang='lat' dir='ltr'><strong>aurursus</strong></span> <span class='ocrx_word' id='word_1_6' title='bbox 637 220 771 263; x_wconf 75' lang='lat' dir='ltr'><strong>nauata.</strong></span> <span class='ocrx_word' id='word_1_7' title='bbox 806 211 878 273; x_wconf 70' lang='lat'><strong>&#39;208</strong></span> 
     </span>
    </p>
   </div>
   <div class='ocr_carea' id='block_1_2' title="bbox 97 309 882 1330">
    <p class='ocr_par' dir='ltr' id='par_1_2' title="bbox 97 309 881 864">
     <span class='ocr_line' id='line_1_2' title="bbox 97 309 880 396; baseline -0.003 -19"><span class='ocrx_word' id='word_1_8' title='bbox 97 320 223 394; x_wconf 74' lang='lat' dir='ltr'><strong>insuper·</strong></span> <span class='ocrx_word' id='word_1_9' title='bbox 231 311 323 387; x_wconf 83' lang='lat' dir='ltr'><strong>dixit,</strong></span> <span class='ocrx_word' id='word_1_10' title='bbox 340 309 501 392; x_wconf 82' lang='lat' dir='ltr'><strong>quodcum</strong></span> <span class='ocrx_word' id='word_1_11' title='bbox 518 311 626 373; x_wconf 85' lang='lat' dir='ltr'><strong>accedit</strong></span> <span class='ocrx_word' id='word_1_12' title='bbox 640 313 719 392; x_wconf 94' lang='lat' dir='ltr'><strong>apud</strong></span> <span class='ocrx_word' id='word_1_13' title='bbox 736 335 800 376; x_wconf 84' lang='lat' dir='ltr'><strong>earn</strong></span> <span class='ocrx_word' id='word_1_14' title='bbox 816 336 880 396; x_wconf 86' lang='lat' dir='ltr'><strong>pee-</strong></span> 
     </span>
     <span class='ocr_line' id='line_1_3' title="bbox 98 407 880 488; baseline -0.004 -15"><span class='ocrx_word' id='word_1_15' title='bbox 98 420 195 484; x_wconf 83' lang='lat' dir='ltr'><strong>cator,</strong></span> <span class='ocrx_word' id='word_1_16' title='bbox 217 411 276 488; x_wconf 86' lang='lat' dir='ltr'><strong>ipsa</strong></span> <span class='ocrx_word' id='word_1_17' title='bbox 300 426 360 467; x_wconf 86' lang='lat' dir='ltr'><strong>non</strong></span> <span class='ocrx_word' id='word_1_18' title='bbox 383 410 447 483; x_wconf 88' lang='lat' dir='ltr'><strong>ejus</strong></span> <span class='ocrx_word' id='word_1_19' title='bbox 470 411 568 467; x_wconf 84' lang='lat' dir='ltr'><strong>merita</strong></span> <span class='ocrx_word' id='word_1_20' title='bbox 584 407 723 483; x_wconf 81' lang='lat' dir='ltr'><strong>discutit,</strong></span> <span class='ocrx_word' id='word_1_21' title='bbox 749 409 880 471; x_wconf 78' lang='lat' dir='ltr'><strong>sederim</strong></span> 
     </span>
     <span class='ocr_line' id='line_1_4' title="bbox 99 501 881 584; baseline 0.001 -21"><span class='ocrx_word' id='word_1_22' title='bbox 99 503 181 584; x_wconf 88' lang='lat' dir='ltr'><strong>quali</strong></span> <span class='ocrx_word' id='word_1_23' title='bbox 201 505 359 561; x_wconf 85' lang='lat' dir='ltr'><strong>intentione</strong></span> <span class='ocrx_word' id='word_1_24' title='bbox 377 503 495 575; x_wconf 81' lang='lat' dir='ltr'><strong>ventat,</strong></span> <span class='ocrx_word' id='word_1_25' title='bbox 519 501 652 570; x_wconf 86' lang='lat' dir='ltr'><strong>attendit.</strong></span> <span class='ocrx_word' id='word_1_26' title='bbox 675 505 712 563; x_wconf 86' lang='lat' dir='ltr'><strong>Et</strong></span> <span class='ocrx_word' id='word_1_27' title='bbox 727 504 806 563; x_wconf 83' lang='lat' dir='ltr'><strong>Dens</strong></span> <span class='ocrx_word' id='word_1_28' title='bbox 821 508 881 584; x_wconf 81' lang='lat' dir='ltr'><strong>ipse</strong></span> 
     </span>
     <span class='ocr_line' id='line_1_5' title="bbox 98 593 881 658; baseline 0 -1"><span class='ocrx_word' id='word_1_29' title='bbox 98 598 134 657; x_wconf 90' lang='lat' dir='ltr'><strong>B.</strong></span> <span class='ocrx_word' id='word_1_30' title='bbox 150 596 314 656; x_wconf 79' lang='lat' dir='ltr'><strong>Catharinae</strong></span> <span class='ocrx_word' id='word_1_31' title='bbox 329 596 452 653; x_wconf 83' lang='lat' dir='ltr'>Senensi</span> <span class='ocrx_word' id='word_1_32' title='bbox 469 593 605 653; x_wconf 85' lang='lat' dir='ltr'><strong>revelavit</strong></span> <span class='ocrx_word' id='word_1_33' title='bbox 624 597 722 658; x_wconf 74' lang='lat' dir='ltr'><strong>Maria</strong></span> <span class='ocrx_word' id='word_1_34' title='bbox 737 619 796 658; x_wconf 80' lang='lat' dir='ltr'><strong>snae</strong></span> <span class='ocrx_word' id='word_1_35' title='bbox 813 597 881 657; x_wconf 75' lang='lat' dir='ltr'><strong>fitia</strong></span> 
     </span>
     <span class='ocr_line' id='line_1_6' title="bbox 97 688 880 768; baseline 0.001 -16"><span class='ocrx_word' id='word_1_36' title='bbox 97 694 288 764; x_wconf 67' lang='lat' dir='ltr'><strong>concessisse,</strong></span> <span class='ocrx_word' id='word_1_37' title='bbox 304 688 384 768; x_wconf 87' lang='lat' dir='ltr'><strong>quod</strong></span> <span class='ocrx_word' id='word_1_38' title='bbox 398 691 496 768; x_wconf 79' lang='lat' dir='ltr'><strong>quinia</strong></span> <span class='ocrx_word' id='word_1_39' title='bbox 511 700 639 768; x_wconf 75' lang='lat' dir='ltr'><strong>petantur</strong></span> <span class='ocrx_word' id='word_1_40' title='bbox 656 689 772 751; x_wconf 88' lang='lat' dir='ltr'><strong>adeam</strong></span> <span class='ocrx_word' id='word_1_41' title='bbox 790 712 880 753; x_wconf 85' lang='lat' dir='ltr'><strong>recur-</strong></span> 
     </span>
     <span class='ocr_line' id='line_1_7' title="bbox 99 783 745 864; baseline -0.006 -17"><span class='ocrx_word' id='word_1_42' title='bbox 99 805 182 858; x_wconf 80' lang='lat' dir='ltr'><strong>rens,</strong></span> <span class='ocrx_word' id='word_1_43' title='bbox 198 784 277 845; x_wconf 90' lang='lat' dir='ltr'><strong>nullo</strong></span> <span class='ocrx_word' id='word_1_44' title='bbox 292 784 379 845; x_wconf 86' lang='lat' dir='ltr'><strong>modo</strong></span> <span class='ocrx_word' id='word_1_45' title='bbox 393 787 481 864; x_wconf 80' lang='lat' dir='ltr'><strong>possit</strong></span> <span class='ocrx_word' id='word_1_46' title='bbox 496 806 511 844; x_wconf 92' lang='lat' dir='ltr'><strong>a</strong></span> <span class='ocrx_word' id='word_1_47' title='bbox 528 783 659 845; x_wconf 82' lang='lat' dir='ltr'><strong>daemone</strong></span> <span class='ocrx_word' id='word_1_48' title='bbox 673 787 745 863; x_wconf 88' lang='lat' dir='ltr'><strong>rapi.</strong></span> 
     </span>
    </p>

    <p class='ocr_par' dir='ltr' id='par_1_3' title="bbox 97 877 882 1330">
     <span class='ocr_line' id='line_1_8' title="bbox 139 877 877 959; baseline -0.004 -18"><span class='ocrx_word' id='word_1_49' title='bbox 139 882 211 954; x_wconf 64' lang='lat'><strong>245.</strong></span> <span class='ocrx_word' id='word_1_50' title='bbox 230 881 284 939; x_wconf 89' lang='lat' dir='ltr'><strong>tlt.</strong></span> <span class='ocrx_word' id='word_1_51' title='bbox 298 877 445 939; x_wconf 76' lang='lat' dir='ltr'><strong>Adversus</strong></span> <span class='ocrx_word' id='word_1_52' title='bbox 461 881 646 939; x_wconf 68' lang='lat' dir='ltr'><strong>tentationem</strong></span> <span class='ocrx_word' id='word_1_53' title='bbox 659 899 748 939; x_wconf 75' lang='lat' dir='ltr'><strong>uunoe</strong></span> <span class='ocrx_word' id='word_1_54' title='bbox 756 879 877 959; x_wconf 73' lang='lat' dir='ltr'><strong>glorioe.</strong></span> 
     </span>
     <span class='ocr_line' id='line_1_9' title="bbox 97 970 880 1052; baseline -0.003 -19"><span class='ocrx_word' id='word_1_55' title='bbox 97 974 137 1033; x_wconf 92' lang='lat' dir='ltr'><strong>D.</strong></span> <span class='ocrx_word' id='word_1_56' title='bbox 155 973 321 1035; x_wconf 78' lang='lat' dir='ltr'><strong>Bernartius</strong></span> <span class='ocrx_word' id='word_1_57' title='bbox 331 975 391 1047; x_wconf 89' lang='lat' dir='ltr'><strong>ait,</strong></span> <span class='ocrx_word' id='word_1_58' title='bbox 408 972 486 1051; x_wconf 90' lang='lat' dir='ltr'><strong>quod</strong></span> <span class='ocrx_word' id='word_1_59' title='bbox 502 993 575 1033; x_wconf 91' lang='lat' dir='ltr'><strong>vana</strong></span> <span class='ocrx_word' id='word_1_60' title='bbox 589 972 675 1049; x_wconf 80' lang='lat' dir='ltr'><strong>gloria</strong></span> <span class='ocrx_word' id='word_1_61' title='bbox 691 982 734 1032; x_wconf 84' lang='lat' dir='ltr'><strong>cst</strong></span> <span class='ocrx_word' id='word_1_62' title='bbox 747 970 880 1052; x_wconf 78' lang='lat' dir='ltr'><strong>quadam</strong></span> 
     </span>
     <span class='ocr_line' id='line_1_10' title="bbox 99 1066 882 1147; baseline -0.003 -18"><span class='ocrx_word' id='word_1_63' title='bbox 99 1072 201 1146; x_wconf 71' lang='lat' dir='ltr'><strong>sagitta</strong></span> <span class='ocrx_word' id='word_1_64' title='bbox 227 1087 292 1147; x_wconf 83' lang='lat' dir='ltr'><strong>quae</strong></span> <span class='ocrx_word' id='word_1_65' title='bbox 315 1068 418 1128; x_wconf 76' lang='lat' dir='ltr'><strong>leuiter</strong></span> <span class='ocrx_word' id='word_1_66' title='bbox 442 1081 603 1143; x_wconf 75' lang='lat' dir='ltr'><strong>penetrat,</strong></span> <span class='ocrx_word' id='word_1_67' title='bbox 625 1068 757 1129; x_wconf 80' lang='lat' dir='ltr'><strong>sednon</strong></span> <span class='ocrx_word' id='word_1_68' title='bbox 779 1066 882 1127; x_wconf 82' lang='lat' dir='ltr'><strong>leviter·</strong></span> 
     </span>
     <span class='ocr_line' id='line_1_11' title="bbox 97 1161 881 1240; baseline -0.011 -15"><span class='ocrx_word' id='word_1_69' title='bbox 97 1164 256 1229; x_wconf 80' lang='lat' dir='ltr'><strong>vulnerat,·</strong></span> <span class='ocrx_word' id='word_1_70' title='bbox 270 1164 425 1240; x_wconf 80' lang='lat' dir='ltr'><strong>praesertim</strong></span> <span class='ocrx_word' id='word_1_71' title='bbox 437 1163 461 1218; x_wconf 89' lang='lat' dir='ltr'><strong>si</strong></span> <span class='ocrx_word' id='word_1_72' title='bbox 472 1179 591 1238; x_wconf 84' lang='lat' dir='ltr'><strong>persona</strong></span> <span class='ocrx_word' id='word_1_73' title='bbox 604 1163 741 1219; x_wconf 75' lang='lat' dir='ltr'><strong>timoratae</strong></span> <span class='ocrx_word' id='word_1_74' title='bbox 752 1161 787 1217; x_wconf 88' lang='lat' dir='ltr'><strong>sit</strong></span> <span class='ocrx_word' id='word_1_75' title='bbox 798 1179 881 1217; x_wconf 85' lang='lat' dir='ltr'><strong>eons-</strong></span> 
     </span>
     <span class='ocr_line' id='line_1_12' title="bbox 98 1249 882 1330; baseline -0.011 -12"><span class='ocrx_word' id='word_1_76' title='bbox 98 1259 221 1318; x_wconf 80' lang='lat' dir='ltr'><strong>cientiae.</strong></span> <span class='ocrx_word' id='word_1_77' title='bbox 233 1254 264 1311; x_wconf 91' lang='lat' dir='ltr'><strong>Si</strong></span> <span class='ocrx_word' id='word_1_78' title='bbox 273 1249 505 1328; x_wconf 80' lang='lat' dir='ltr'><strong>igiturSacerdoo</strong></span> <span class='ocrx_word' id='word_1_79' title='bbox 515 1270 644 1330; x_wconf 88' lang='lat' dir='ltr'><strong>unquam</strong></span> <span class='ocrx_word' id='word_1_80' title='bbox 653 1249 812 1310; x_wconf 87' lang='lat' dir='ltr'><strong>adverteret</strong></span> <span class='ocrx_word' id='word_1_81' title='bbox 821 1270 882 1309; x_wconf 93' lang='lat' dir='ltr'><strong>mo-</strong></span> 
     </span>
    </p>
   </div>
   <div class='ocr_carea' id='block_1_3' title="bbox 97 1344 882 1425">
    <p class='ocr_par' dir='ltr' id='par_1_4' title="bbox 97 1344 882 1425">
     <span class='ocr_line' id='line_1_13' title="bbox 97 1344 882 1425; baseline -0.008 -12"><span class='ocrx_word' id='word_1_82' title='bbox 97 1346 259 1413; x_wconf 80' lang='lat' dir='ltr'><strong>ribundum</strong></span> <span class='ocrx_word' id='word_1_83' title='bbox 271 1347 357 1404; x_wconf 82' lang='lat' dir='ltr'><strong>nimis</strong></span> <span class='ocrx_word' id='word_1_84' title='bbox 376 1364 406 1405; x_wconf 81' lang='lat' dir='ltr'><strong>se</strong></span> <span class='ocrx_word' id='word_1_85' title='bbox 422 1355 552 1425; x_wconf 84' lang='lat' dir='ltr'><strong>reputare</strong></span> <span class='ocrx_word' id='word_1_86' title='bbox 570 1364 701 1406; x_wconf 83' lang='lat' dir='ltr'><strong>securum</strong></span> <span class='ocrx_word' id='word_1_87' title='bbox 715 1344 751 1404; x_wconf 88' lang='lat' dir='ltr'><strong>de</strong></span> <span class='ocrx_word' id='word_1_88' title='bbox 766 1365 816 1404; x_wconf 86' lang='lat' dir='ltr'><strong>sua</strong></span> <span class='ocrx_word' id='word_1_89' title='bbox 830 1366 882 1407; x_wconf 79' lang='lat' dir='ltr'><strong>sa-</strong></span> 
     </span>
    </p>
   </div>
   <div class='ocr_carea' id='block_1_4' title="bbox 97 1438 966 1520">
    <p class='ocr_par' dir='ltr' id='par_1_5' title="bbox 97 1438 966 1520">
     <span class='ocr_line' id='line_1_14' title="bbox 97 1438 966 1520; baseline -0.006 -17"><span class='ocrx_word' id='word_1_90' title='bbox 97 1443 180 1513; x_wconf 85' lang='lat' dir='ltr'><strong>lute,</strong></span> <span class='ocrx_word' id='word_1_91' title='bbox 194 1442 262 1519; x_wconf 84' lang='lat' dir='ltr'><strong>quia</strong></span> <span class='ocrx_word' id='word_1_92' title='bbox 271 1442 358 1499; x_wconf 88' lang='lat' dir='ltr'><strong>nimis</strong></span> <span class='ocrx_word' id='word_1_93' title='bbox 369 1441 427 1500; x_wconf 87' lang='lat' dir='ltr'><strong>suis</strong></span> <span class='ocrx_word' id='word_1_94' title='bbox 438 1441 571 1520; x_wconf 84' lang='lat' dir='ltr'><strong>operibns</strong></span> <span class='ocrx_word' id='word_1_95' title='bbox 582 1438 664 1515; x_wconf 79' lang='lat' dir='ltr'><strong>fidit,</strong></span> <span class='ocrx_word' id='word_1_96' title='bbox 681 1442 707 1499; x_wconf 91' lang='lat' dir='ltr'><strong>ei</strong></span> <span class='ocrx_word' id='word_1_97' title='bbox 719 1438 793 1499; x_wconf 83' lang='lat' dir='ltr'><strong>dicat</strong></span> <span class='ocrx_word' id='word_1_98' title='bbox 803 1438 881 1519; x_wconf 88' lang='lat' dir='ltr'><strong>quod</strong></span> <span class='ocrx_word' id='word_1_99' title='bbox 963 1462 966 1467; x_wconf 94' lang='lat'>·</span> 
     </span>
    </p>
   </div>
   <div class='ocr_carea' id='block_1_5' title="bbox 85 1532 969 3220">
    <p class='ocr_par' dir='ltr' id='par_1_6' title="bbox 98 1532 969 2366">
     <span class='ocr_line' id='line_1_15' title="bbox 99 1532 880 1617; baseline 0 -24"><span class='ocrx_word' id='word_1_100' title='bbox 99 1544 214 1617; x_wconf 66' lang='lat' dir='ltr'><strong>pearata</strong></span> <span class='ocrx_word' id='word_1_101' title='bbox 237 1532 419 1593; x_wconf 86' lang='lat' dir='ltr'><strong>solummodo</strong></span> <span class='ocrx_word' id='word_1_102' title='bbox 436 1542 531 1592; x_wconf 87' lang='lat' dir='ltr'><strong>nostra</strong></span> <span class='ocrx_word' id='word_1_103' title='bbox 556 1543 643 1606; x_wconf 84' lang='lat' dir='ltr'><strong>sunt,</strong></span> <span class='ocrx_word' id='word_1_104' title='bbox 665 1536 760 1594; x_wconf 87' lang='lat' dir='ltr'><strong>omnia</strong></span> <span class='ocrx_word' id='word_1_105' title='bbox 783 1543 880 1599; x_wconf 82' lang='lat' dir='ltr'><strong>antem</strong></span> 
     </span>
     <span class='ocr_line' id='line_1_16' title="bbox 98 1615 969 1705; baseline -0.011 -16"><span class='ocrx_word' id='word_1_106' title='bbox 98 1615 672 1705; x_wconf 55' lang='lat' dir='ltr'><strong>pnnaaneorecepimunexttm:Quid</strong></span> <span class='ocrx_word' id='word_1_107' title='bbox 681 1627 880 1701; x_wconf 80' lang='lat' dir='ltr'><strong>hohes‚qnori</strong></span> <span class='ocrx_word' id='word_1_108' title='bbox 966 1674 969 1679; x_wconf 87' lang='lat'><em>.</em></span> 
     </span>
     <span class='ocr_line' id='line_1_17' title="bbox 99 1719 878 1798; baseline -0.006 -16"><span class='ocrx_word' id='word_1_109' title='bbox 99 1745 163 1785; x_wconf 89' lang='lat' dir='ltr'><strong>non</strong></span> <span class='ocrx_word' id='word_1_110' title='bbox 177 1721 339 1798; x_wconf 22' lang='lat' dir='ltr'><strong>accepia-til</strong></span> <span class='ocrx_word' id='word_1_111' title='bbox 355 1719 378 1778; x_wconf 90' lang='lat' dir='ltr'><strong>t.</strong></span> <span class='ocrx_word' id='word_1_112' title='bbox 392 1720 466 1787; x_wconf 83' lang='lat' dir='ltr'><strong>Cor·</strong></span> <span class='ocrx_word' id='word_1_113' title='bbox 483 1727 519 1794; x_wconf 68' lang='grc'><strong>4,</strong></span> <span class='ocrx_word' id='word_1_114' title='bbox 539 1740 566 1796; x_wconf 85' lang='lat'><strong>7.</strong></span> <span class='ocrx_word' id='word_1_115' title='bbox 585 1719 622 1777; x_wconf 88' lang='lat' dir='ltr'><strong>Et</strong></span> <span class='ocrx_word' id='word_1_116' title='bbox 636 1737 702 1777; x_wconf 88' lang='lat' dir='ltr'><strong>cnm</strong></span> <span class='ocrx_word' id='word_1_117' title='bbox 717 1727 825 1777; x_wconf 91' lang='lat' dir='ltr'><strong>certum</strong></span> <span class='ocrx_word' id='word_1_118' title='bbox 841 1722 878 1778; x_wconf 86' lang='lat' dir='ltr'><strong>sit</strong></span> 
     </span>
     <span class='ocr_line' id='line_1_18' title="bbox 99 1811 880 1891; baseline -0.009 -11"><span class='ocrx_word' id='word_1_119' title='bbox 99 1817 215 1880; x_wconf 90' lang='lat' dir='ltr'><strong>nullum</strong></span> <span class='ocrx_word' id='word_1_120' title='bbox 231 1837 289 1877; x_wconf 80' lang='lat' dir='ltr'><strong>suae</strong></span> <span class='ocrx_word' id='word_1_121' title='bbox 314 1813 414 1876; x_wconf 86' lang='lat' dir='ltr'><strong>salutis</strong></span> <span class='ocrx_word' id='word_1_122' title='bbox 432 1824 568 1886; x_wconf 72' lang='lat' dir='ltr'><strong>aeternae,</strong></span> <span class='ocrx_word' id='word_1_123' title='bbox 593 1811 757 1891; x_wconf 73' lang='lat' dir='ltr'><strong>divinaque</strong></span> <span class='ocrx_word' id='word_1_124' title='bbox 783 1815 880 1889; x_wconf 69' lang='lat' dir='ltr'><strong>gratie</strong></span> 
     </span>
     <span class='ocr_line' id='line_1_19' title="bbox 99 1907 881 1985; baseline -0.009 -10"><span class='ocrx_word' id='word_1_125' title='bbox 99 1910 284 1975; x_wconf 84' lang='lat' dir='ltr'><strong>infallibilem</strong></span> <span class='ocrx_word' id='word_1_126' title='bbox 303 1908 502 1985; x_wconf 80' lang='lat' dir='ltr'><strong>certitudinem</strong></span> <span class='ocrx_word' id='word_1_127' title='bbox 524 1907 631 1980; x_wconf 81' lang='lat' dir='ltr'><strong>habere</strong></span> <span class='ocrx_word' id='word_1_128' title='bbox 649 1926 731 1985; x_wconf 83' lang='lat' dir='ltr'><strong>posse</strong></span> <span class='ocrx_word' id='word_1_129' title='bbox 751 1908 881 1974; x_wconf 80' lang='lat' dir='ltr'><strong>(Nescit</strong></span> 
     </span>
     <span class='ocr_line' id='line_1_20' title="bbox 98 1992 880 2078; baseline -0.009 -10"><span class='ocrx_word' id='word_1_130' title='bbox 98 2009 194 2069; x_wconf 81' lang='lat' dir='ltr'><strong>homo</strong></span> <span class='ocrx_word' id='word_1_131' title='bbox 214 2018 318 2065; x_wconf 84' lang='lat' dir='ltr'><strong>utrum</strong></span> <span class='ocrx_word' id='word_1_132' title='bbox 336 2022 461 2078; x_wconf 82' lang='lat' dir='ltr'><strong>amoro,</strong></span> <span class='ocrx_word' id='word_1_133' title='bbox 479 2018 522 2061; x_wconf 81' lang='lat' dir='ltr'><strong>un</strong></span> <span class='ocrx_word' id='word_1_134' title='bbox 536 2002 607 2065; x_wconf 83' lang='lat' dir='ltr'><strong>odio</strong></span> <span class='ocrx_word' id='word_1_135' title='bbox 623 1992 735 2078; x_wconf 78' lang='lat' dir='ltr'><strong>dignus</strong></span> <span class='ocrx_word' id='word_1_136' title='bbox 749 2003 797 2059; x_wconf 80' lang='lat' dir='ltr'><strong>sit.</strong></span> <span class='ocrx_word' id='word_1_137' title='bbox 818 2003 880 2061; x_wconf 84' lang='lat' dir='ltr'><strong>Ec-</strong></span> 
     </span>
     <span class='ocr_line' id='line_1_21' title="bbox 99 2093 880 2176; baseline -0.012 -14"><span class='ocrx_word' id='word_1_138' title='bbox 99 2103 174 2162; x_wconf 72' lang='lat' dir='ltr'><strong>ctas.</strong></span> <span class='ocrx_word' id='word_1_139' title='bbox 188 2115 228 2176; x_wconf 80' lang='lat'><strong>9,</strong></span> <span class='ocrx_word' id='word_1_140' title='bbox 247 2097 313 2172; x_wconf 86' lang='lat' dir='ltr'><strong>r.)‚</strong></span> <span class='ocrx_word' id='word_1_141' title='bbox 330 2095 525 2176; x_wconf 80' lang='lat' dir='ltr'><strong>ideoquioque</strong></span> <span class='ocrx_word' id='word_1_142' title='bbox 537 2115 649 2175; x_wconf 86' lang='lat' dir='ltr'><strong>semper</strong></span> <span class='ocrx_word' id='word_1_143' title='bbox 664 2113 766 2174; x_wconf 85' lang='lat' dir='ltr'><strong>pavere</strong></span> <span class='ocrx_word' id='word_1_144' title='bbox 776 2093 880 2170; x_wconf 88' lang='lat' dir='ltr'><strong>debet,</strong></span> 
     </span>
     <span class='ocr_line' id='line_1_22' title="bbox 100 2190 880 2270; baseline -0.009 -15"><span class='ocrx_word' id='word_1_145' title='bbox 100 2205 211 2255; x_wconf 86' lang='lat' dir='ltr'><strong>etcum</strong></span> <span class='ocrx_word' id='word_1_146' title='bbox 224 2201 304 2251; x_wconf 89' lang='lat' dir='ltr'><strong>metu</strong></span> <span class='ocrx_word' id='word_1_147' title='bbox 320 2202 348 2252; x_wconf 90' lang='lat' dir='ltr'><strong>et</strong></span> <span class='ocrx_word' id='word_1_148' title='bbox 362 2201 483 2251; x_wconf 86' lang='lat' dir='ltr'><strong>tremore</strong></span> <span class='ocrx_word' id='word_1_149' title='bbox 506 2190 628 2251; x_wconf 84' lang='lat' dir='ltr'><strong>salutem</strong></span> <span class='ocrx_word' id='word_1_150' title='bbox 650 2210 733 2256; x_wconf 85' lang='lat' dir='ltr'><strong>snam</strong></span> <span class='ocrx_word' id='word_1_151' title='bbox 754 2192 880 2270; x_wconf 84' lang='lat' dir='ltr'><strong>operari,</strong></span> 
     </span>
     <span class='ocr_line' id='line_1_23' title="bbox 102 2271 775 2366; baseline -0.006 -17"><span class='ocrx_word' id='word_1_152' title='bbox 102 2299 136 2349; x_wconf 89' lang='lat' dir='ltr'><strong>ut</strong></span> <span class='ocrx_word' id='word_1_153' title='bbox 151 2291 192 2349; x_wconf 91' lang='lat' dir='ltr'><strong>ait</strong></span> <span class='ocrx_word' id='word_1_154' title='bbox 206 2284 371 2366; x_wconf 78' lang='lat' dir='ltr'><strong>Apostolus.</strong></span> <span class='ocrx_word' id='word_1_155' title='bbox 394 2281 529 2362; x_wconf 78' lang='lat' dir='ltr'><strong>Philipp.</strong></span> <span class='ocrx_word' id='word_1_156' title='bbox 542 2310 579 2357; x_wconf 79' lang='lat'><strong>2,</strong></span> <span class='ocrx_word' id='word_1_157' title='bbox 599 2306 642 2346; x_wconf 68' lang='grc' dir='ltr'><strong>ια.</strong></span> <span class='ocrx_word' id='word_1_158' title='bbox 773 2271 775 2274; x_wconf 42' lang='grc'><strong>’</strong></span> 
     </span>
    </p>

    <p class='ocr_par' dir='ltr' id='par_1_7' title="bbox 85 2376 880 3220">
     <span class='ocr_line' id='line_1_24' title="bbox 85 2376 878 2456; baseline -0.005 -16"><span class='ocrx_word' id='word_1_159' title='bbox 85 2407 89 2413; x_wconf 72' lang='grc'><strong>’</strong></span> <span class='ocrx_word' id='word_1_160' title='bbox 143 2383 213 2454; x_wconf 72' lang='lat'><strong>246,</strong></span> <span class='ocrx_word' id='word_1_161' title='bbox 230 2379 286 2441; x_wconf 88' lang='lat' dir='ltr'><strong>lV.</strong></span> <span class='ocrx_word' id='word_1_162' title='bbox 303 2376 451 2439; x_wconf 83' lang='lat' dir='ltr'><strong>Adversus</strong></span> <span class='ocrx_word' id='word_1_163' title='bbox 469 2380 655 2437; x_wconf 85' lang='lat' dir='ltr'><strong>tentationem</strong></span> <span class='ocrx_word' id='word_1_164' title='bbox 671 2379 878 2456; x_wconf 65' lang='lat' dir='ltr'><strong>impatientiae,</strong></span> 
     </span>
     <span class='ocr_line' id='line_1_25' title="bbox 101 2471 880 2549; baseline -0.012 -10"><span class='ocrx_word' id='word_1_165' title='bbox 101 2478 134 2539; x_wconf 84' lang='lat' dir='ltr'><strong>st</strong></span> <span class='ocrx_word' id='word_1_166' title='bbox 149 2472 283 2536; x_wconf 84' lang='lat' dir='ltr'><strong>infirmus</strong></span> <span class='ocrx_word' id='word_1_167' title='bbox 291 2493 328 2534; x_wconf 87' lang='lat' dir='ltr'><strong>ex</strong></span> <span class='ocrx_word' id='word_1_168' title='bbox 337 2473 428 2533; x_wconf 88' lang='lat' dir='ltr'><strong>morbi</strong></span> <span class='ocrx_word' id='word_1_169' title='bbox 443 2472 613 2537; x_wconf 82' lang='lat' dir='ltr'><strong>eruciatibus</strong></span> <span class='ocrx_word' id='word_1_170' title='bbox 623 2473 798 2549; x_wconf 86' lang='lat' dir='ltr'><strong>impatientia</strong></span> <span class='ocrx_word' id='word_1_171' title='bbox 812 2471 880 2531; x_wconf 82' lang='lat' dir='ltr'><strong>atii-</strong></span> 
     </span>
     <span class='ocr_line' id='line_1_26' title="bbox 98 2566 880 2647; baseline -0.009 -14"><span class='ocrx_word' id='word_1_172' title='bbox 98 2575 188 2643; x_wconf 72' lang='lat' dir='ltr'><strong>citur,</strong></span> <span class='ocrx_word' id='word_1_173' title='bbox 196 2570 263 2629; x_wconf 86' lang='lat' dir='ltr'><strong>hnic</strong></span> <span class='ocrx_word' id='word_1_174' title='bbox 272 2567 439 2628; x_wconf 87' lang='lat' dir='ltr'><strong>ostendatur</strong></span> <span class='ocrx_word' id='word_1_175' title='bbox 448 2575 558 2647; x_wconf 89' lang='lat' dir='ltr'><strong>quanta</strong></span> <span class='ocrx_word' id='word_1_176' title='bbox 570 2575 707 2646; x_wconf 80' lang='lat' dir='ltr'><strong>martyres</strong></span> <span class='ocrx_word' id='word_1_177' title='bbox 716 2587 765 2646; x_wconf 91' lang='lat' dir='ltr'><strong>pro</strong></span> <span class='ocrx_word' id='word_1_178' title='bbox 774 2566 880 2628; x_wconf 86' lang='lat' dir='ltr'><strong>Christi</strong></span> 
     </span>
     <span class='ocr_line' id='line_1_27' title="bbox 101 2660 879 2739; baseline -0.006 -15"><span class='ocrx_word' id='word_1_179' title='bbox 101 2665 222 2724; x_wconf 88' lang='lat' dir='ltr'><strong>nomine</strong></span> <span class='ocrx_word' id='word_1_180' title='bbox 249 2667 388 2720; x_wconf 89' lang='lat' dir='ltr'><strong>tormenta</strong></span> <span class='ocrx_word' id='word_1_181' title='bbox 422 2662 479 2718; x_wconf 86' lang='lat' dir='ltr'><strong>sint</strong></span> <span class='ocrx_word' id='word_1_182' title='bbox 508 2660 609 2739; x_wconf 80' lang='lat' dir='ltr'><strong>passi,</strong></span> <span class='ocrx_word' id='word_1_183' title='bbox 639 2661 699 2719; x_wconf 85' lang='lat' dir='ltr'><strong>vivi</strong></span> <span class='ocrx_word' id='word_1_184' title='bbox 725 2663 879 2735; x_wconf 82' lang='lat' dir='ltr'><strong>excoriati,</strong></span> 
     </span>
     <span class='ocr_line' id='line_1_28' title="bbox 102 2755 880 2836; baseline -0.01 -17"><span class='ocrx_word' id='word_1_185' title='bbox 102 2757 228 2831; x_wconf 82' lang='lat' dir='ltr'><strong>adusti,</strong></span> <span class='ocrx_word' id='word_1_186' title='bbox 257 2755 400 2817; x_wconf 88' lang='lat' dir='ltr'><strong>trucidati.</strong></span> <span class='ocrx_word' id='word_1_187' title='bbox 434 2755 471 2814; x_wconf 79' lang='lat' dir='ltr'><strong>tn</strong></span> <span class='ocrx_word' id='word_1_188' title='bbox 493 2759 648 2836; x_wconf 78' lang='lat' dir='ltr'><strong>praesertim</strong></span> <span class='ocrx_word' id='word_1_189' title='bbox 674 2759 699 2814; x_wconf 88' lang='lat' dir='ltr'><strong>ei</strong></span> <span class='ocrx_word' id='word_1_190' title='bbox 725 2758 762 2813; x_wconf 92' lang='lat' dir='ltr'><strong>ob</strong></span> <span class='ocrx_word' id='word_1_191' title='bbox 784 2755 880 2815; x_wconf 87' lang='lat' dir='ltr'><strong>oculos</strong></span> 
     </span>
     <span class='ocr_line' id='line_1_29' title="bbox 101 2849 880 2935; baseline -0.012 -23"><span class='ocrx_word' id='word_1_192' title='bbox 101 2861 249 2935; x_wconf 87' lang='lat' dir='ltr'><strong>ponantur</strong></span> <span class='ocrx_word' id='word_1_193' title='bbox 262 2852 358 2913; x_wconf 87' lang='lat' dir='ltr'><strong>omnia</strong></span> <span class='ocrx_word' id='word_1_194' title='bbox 375 2869 439 2930; x_wconf 82' lang='lat' dir='ltr'><strong>quae</strong></span> <span class='ocrx_word' id='word_1_195' title='bbox 450 2853 586 2911; x_wconf 75' lang='lat' dir='ltr'><strong>innocens</strong></span> <span class='ocrx_word' id='word_1_196' title='bbox 596 2849 680 2908; x_wconf 85' lang='lat' dir='ltr'><strong>Jesns</strong></span> <span class='ocrx_word' id='word_1_197' title='bbox 692 2858 803 2927; x_wconf 87' lang='lat' dir='ltr'><strong>propter</strong></span> <span class='ocrx_word' id='word_1_198' title='bbox 812 2864 880 2904; x_wconf 84' lang='lat' dir='ltr'><strong>nos-</strong></span> 
     </span>
     <span class='ocr_line' id='line_1_30' title="bbox 102 2939 879 3023; baseline -0.008 -14"><span class='ocrx_word' id='word_1_199' title='bbox 102 2958 183 3009; x_wconf 88' lang='lat' dir='ltr'><strong>trum</strong></span> <span class='ocrx_word' id='word_1_200' title='bbox 194 2967 321 3006; x_wconf 88' lang='lat' dir='ltr'><strong>amorem</strong></span> <span class='ocrx_word' id='word_1_201' title='bbox 333 2954 375 3003; x_wconf 83' lang='lat' dir='ltr'><strong>est</strong></span> <span class='ocrx_word' id='word_1_202' title='bbox 386 2964 544 3023; x_wconf 81' lang='lat' dir='ltr'><strong>perpessus.</strong></span> <span class='ocrx_word' id='word_1_203' title='bbox 559 2943 678 3001; x_wconf 82' lang='lat' dir='ltr'><strong>Dicatur</strong></span> <span class='ocrx_word' id='word_1_204' title='bbox 690 2950 792 3018; x_wconf 70' lang='lat' dir='ltr'><strong>{egroto</strong></span> <span class='ocrx_word' id='word_1_205' title='bbox 803 2939 879 3017; x_wconf 89' lang='lat' dir='ltr'><strong>quod</strong></span> 
     </span>
     <span class='ocr_line' id='line_1_31' title="bbox 101 3033 880 3116; baseline -0.009 -12"><span class='ocrx_word' id='word_1_206' title='bbox 101 3043 281 3104; x_wconf 88' lang='lat' dir='ltr'><strong>infirmitatis</strong></span> <span class='ocrx_word' id='word_1_207' title='bbox 297 3038 406 3098; x_wconf 81' lang='lat' dir='ltr'><strong>dolores</strong></span> <span class='ocrx_word' id='word_1_208' title='bbox 422 3041 504 3097; x_wconf 84' lang='lat' dir='ltr'><strong>vitari</strong></span> <span class='ocrx_word' id='word_1_209' title='bbox 520 3046 686 3116; x_wconf 81' lang='lat' dir='ltr'><strong>nequeunt3</strong></span> <span class='ocrx_word' id='word_1_210' title='bbox 703 3033 780 3094; x_wconf 90' lang='lat' dir='ltr'><strong>unde</strong></span> <span class='ocrx_word' id='word_1_211' title='bbox 789 3037 880 3116; x_wconf 87' lang='lat' dir='ltr'><strong>siipse</strong></span> 
     </span>
     <span class='ocr_line' id='line_1_32' title="bbox 98 3130 880 3220; baseline -0.014 -20"><span class='ocrx_word' id='word_1_212' title='bbox 98 3140 214 3220; x_wconf 86' lang='lat' dir='ltr'><strong>invitus</strong></span> <span class='ocrx_word' id='word_1_213' title='bbox 229 3158 277 3198; x_wconf 86' lang='lat' dir='ltr'><strong>eos</strong></span> <span class='ocrx_word' id='word_1_214' title='bbox 295 3138 421 3217; x_wconf 85' lang='lat' dir='ltr'><strong>patitur,</strong></span> <span class='ocrx_word' id='word_1_215' title='bbox 436 3133 510 3194; x_wconf 89' lang='lat' dir='ltr'><strong>male</strong></span> <span class='ocrx_word' id='word_1_216' title='bbox 526 3152 623 3209; x_wconf 76' lang='lat' dir='ltr'><strong>nune,</strong></span> <span class='ocrx_word' id='word_1_217' title='bbox 640 3142 668 3192; x_wconf 91' lang='lat' dir='ltr'><strong>et</strong></span> <span class='ocrx_word' id='word_1_218' title='bbox 678 3135 708 3192; x_wconf 92' lang='lat' dir='ltr'><strong>in</strong></span> <span class='ocrx_word' id='word_1_219' title='bbox 721 3130 807 3192; x_wconf 87' lang='lat' dir='ltr'><strong>altera</strong></span> <span class='ocrx_word' id='word_1_220' title='bbox 820 3134 880 3190; x_wconf 83' lang='lat' dir='ltr'><strong>uita</strong></span> 
     </span>
    </p>
   </div>
   <div class='ocr_carea' id='block_1_6' title="bbox 0 0 985 3608">
    <p class='ocr_par' dir='ltr' id='par_1_8' title="bbox 0 0 985 3608">
     <span class='ocr_line' id='line_1_33' title="bbox 0 0 985 3608; baseline 0 0"><span class='ocrx_word' id='word_1_221' title='bbox 0 0 985 3608; x_wconf 95' lang='lat' dir='ltr'><strong> </strong></span> 
     </span>
    </p>
   </div>
  </div>
 </body>
</html>
