1956 3614
232 244 296 288 cur.
309 246 380 291 vsu.
390 246 424 288 ru
438 247 666 308 cumeorum,
682 241 737 292 etc.
821 239 871 302 rdr

100 333 433 411 mocinari(generaliter
445 335 606 416 loquendo)
615 336 754 417 dealiquo
763 352 880 419 peccato

98 425 132 482 in
149 423 332 485 confessione
357 425 476 500 audito,
494 430 604 506 quoties
619 429 666 487 alii
681 448 739 489 non
762 442 876 509 possent

99 518 201 576 venire
225 518 254 577 iu
279 520 468 596 cognitionem
493 519 677 591 Poenitentis‚
700 533 750 582 aut
763 526 877 603 quoties

96 604 217 667 haberet
231 626 396 687 expressam
412 608 556 669 licentiam
574 630 590 668 a
607 609 775 671 Poenitente.
792 612 876 673 Nihi-

96 695 416 759 lominusetiaruinhoc
424 702 587 759 cautissime
595 711 635 758 est
647 700 853 779 procedendum
864 726 876 762 ε

95 799 124 849 et
141 811 168 847 r.
181 789 341 870 Nunquam
356 789 501 870 loquendo
517 790 554 850 de
568 793 686 869 peccatis
704 794 733 849 in
748 793 874 855 Confes-

93 884 178 942 siune
194 881 321 958 auditis,
345 903 439 944 coram
457 883 634 963 simplicibus
649 886 789 963 personis,
810 907 877 966 quae

93 983 212 1053 possent
226 976 362 1054 suspicari
378 973 413 1035 de
426 975 599 1035 revelatione
614 975 823 1035 confessionis.
844 997 875 1038 2.

92 1064 258 1145 Nunquam
283 1063 403 1126 dicendo
426 1086 442 1125 e
463 1077 594 1144 suggestu
616 1069 645 1125 in
670 1069 874 1145 concionibus,

97 1178 218 1237 regnare
239 1161 269 1219 in
290 1178 322 1219 ea
345 1160 414 1218 urbe
434 1158 551 1239 aliquod
571 1162 695 1235 vitium,
717 1160 794 1239 quod
814 1165 875 1242 ipse

89 1250 262 1333 excipiendo
286 1252 507 1326 confessiones,
530 1252 700 1313 intellexerit
723 1254 761 1312 ibi
783 1258 875 1331 magis

89 1342 269 1424 frequentari
290 1342 363 1412 (hoc
378 1353 474 1403 tamen
491 1342 656 1421 intelligitur
668 1346 715 1418 (r)
731 1386 740 1417 ‚
754 1345 875 1423 quando

86 1434 121 1497 id
137 1436 256 1497 aliunde
271 1456 330 1495 non
342 1439 450 1511 scivit,
475 1447 503 1497 et
519 1436 639 1517 quando
654 1436 730 1497 locus
745 1448 787 1498 est
802 1460 872 1518 par-

89 1548 147 1588 vus
158 1529 194 1604 >3
209 1538 237 1587 et
252 1531 404 1607 praesertim
424 1531 447 1587 si
462 1532 645 1588 concionetur
659 1531 687 1587 in
702 1528 798 1608 aliquo
810 1551 873 1591 rno-

85 1624 239 1697 nasterio‚
252 1625 282 1681 in
297 1641 356 1702 quo
367 1641 425 1681 non
438 1619 521 1680 debet
532 1620 729 1681 vehementius
739 1623 873 1685 invehere

86 1725 190 1777 contra
205 1713 330 1795 aliquem
347 1712 490 1775 delectum
508 1757 518 1788 ‚
539 1734 626 1793 quem
641 1717 670 1773 in
685 1702 873 1777 Confessione

85 1806 208 1875 audivit
224 1809 263 1868 ibi
279 1828 339 1868 esse
353 1809 590 1868 communiorem.
612 1808 641 1868 3.
663 1806 728 1867 Non
746 1809 783 1867 sit
794 1807 874 1867 Con-

86 1902 228 1963 tessarius
241 1902 328 1963 nimis
347 1904 526 1981 importunus
541 1903 571 1959 in
587 1898 740 1961 obtinenda
756 1899 871 1963 licentia

85 2018 107 2057 a
129 1994 310 2071 Pestilente,
325 1997 467 2075 quoniam
491 1993 525 2053 de
543 2013 576 2053 ea
596 1993 706 2054 licentia
726 2013 790 2073 quae
811 2014 872 2056 non

85 2082 133 2153 es't
147 2090 268 2153 omnino
283 2098 458 2168 spontanea,
480 2097 508 2148 et
523 2087 605 2168 plene
620 2086 726 2160 libera,
747 2090 807 2167 ipse
819 2108 872 2147 ne·

87 2202 243 2267 quaquam
254 2185 295 2243 uti
307 2181 517 2263 poterit-Unde
529 2184 566 2242 sit
575 2182 766 2260 parcissimus,
779 2201 872 2261 quan·

89 2286 155 2337 turn
173 2274 234 2335 lieri
249 2266 371 2355 poterit,
392 2276 422 2332 in
439 2271 621 2352 exquirendis
642 2270 807 2349 hujusmodi
832 2272 872 2332 li-

88 2368 195 2429 tentiis
219 2367 281 2425 sine
301 2363 414 2444 speciali
441 2366 627 2432 necessitate;
648 2372 676 2421 et
697 2374 765 2422 tunc
781 2368 870 2425 tutius

88 2464 146 2523 erit
154 2453 554 2530 insinuarel’oenitenti‚ntde
563 2453 681 2532 eoquod
691 2464 735 2512 est
745 2474 871 2533 necesse,

91 2556 229 2637 loquatur
241 2563 321 2613 extra
336 2551 563 2611 confessionem.
576 2546 669 2607 Nemo
680 2555 777 2606 autem
789 2550 871 2625 igno·

92 2656 160 2723 rat,
181 2643 262 2729 quod
278 2653 356 2705 extra
373 2640 585 2701 confessionem
604 2656 662 2697 non
679 2647 770 2717 potest
786 2640 871 2701 Con-

94 2740 246 2811 lessarius‚
258 2754 310 2796 nec
320 2735 405 2794 etiam
416 2752 480 2793 cum
491 2733 552 2808 ipso
567 2728 736 2803 tonnerre,
748 2729 824 2811 loqui
833 2731 870 2792 de

98 2834 179 2893 rebus
193 2834 224 2891 in
239 2828 287 2890 illa
303 2827 424 2902 auditis,
450 2828 510 2884 sine
528 2820 657 2898 ejusdem
677 2840 808 2900 expressa
831 2824 870 2882 li-

98 2930 186 2987 centia
201 2947 209 2984 ε
227 2928 259 2984 in
279 2926 339 3002 ipsa
358 2940 426 2981 vero
444 2917 630 2979 Confessione
644 2915 717 2975 bene
727 2924 819 2995 potest
832 2914 870 2976 de

129 3144 168 3203 (r)
184 3136 270 3191 Num·
282 3133 342 3187 653.
