1956 3608
181 274 184 279 ³
241 218 309 264 osa.
322 221 387 265 vm.
406 220 440 263 us
452 221 664 283 Excll’uirims,
680 215 735 266 ele.
823 209 876 271 165

104 324 158 384 diei
173 333 281 405 perlem
294 328 323 385 in
338 324 488 387 audiendis
503 326 637 405 religiosis
652 327 799 408 aliquibus
812 347 880 389 mu-

102 417 242 492 lierculis,
266 439 338 500 quas
359 419 445 498 vulgo
470 419 570 480 dicunt
591 422 749 492 Bizocas;
765 431 794 482 el
812 442 879 482 cum

102 522 197 592 postea
213 512 313 573 vident
333 511 370 574 ad
390 532 421 572 se
434 511 566 574 acoedere
580 513 710 575 homines
726 524 777 576 aut
791 516 880 576 lemi-

101 623 154 663 nas
172 614 325 678 uxoratos,
351 606 401 681 qui
416 612 483 664 sunl
495 604 572 683 pleni
584 609 720 681 angusliis
731 617 759 667 el
770 607 880 668 moles-

100 697 171 769 iiis‚
193 704 221 755 el
244 698 294 775 qui
315 714 387 772 aegre
406 693 506 755 domos
531 704 560 754 el
580 698 692 773 negotia
715 716 766 755 sua
790 698 878 758 relin-

100 808 187 869 quere
217 797 398 868 poiuerunt‚
435 786 587 847 dimittunt
619 807 691 862 eos,
728 786 877 849 dicendo:

99 883 211 942 Habeo
229 881 316 942 aliud
331 880 414 956 quod
426 901 540 961 agam,
565 881 604 942 ite
619 881 661 941 ad
677 881 783 941 alios:
804 879 880 940 unde

100 978 133 1039 m
147 988 181 1037 ni
197 979 264 1051 isli,
283 996 341 1036 non
359 979 538 1038 invenientes
551 980 597 1039 cui
612 998 664 1039 sua
682 978 793 1058 peccata
807 997 880 1037 oon-

99 1073 263 1144 liieantur,
291 1072 393 1131 vivant
410 1091 459 1151 per
473 1080 514 1131 tot
531 1090 644 1132 menses
662 1082 692 1133 et
711 1090 803 1132 annos
818 1073 880 1133 sine

100 1166 307 1238 sacramentis,
328 1172 358 1223 el
381 1166 443 1222 sine
465 1165 540 1224 Deo.
565 1164 628 1224 Hoc
642 1185 702 1224 non
717 1175 760 1223 esl
781 1163 880 1226 audire

97 1259 293 1323 oonfessiones
317 1267 350 1316 ul
367 1257 429 1318 Deo
449 1257 635 1337 placeamus,
655 1256 704 1318 sed
730 1260 825 1338 polius
847 1269 880 1319 ut

99 1355 184 1432 genio
203 1353 361 1412 serviamus
381 1373 389 1408 ι
411 1371 501 1432 quare
516 1354 612 1413 nescio
634 1352 719 1433 quale
742 1353 877 1412 meritum

100 1445 178 1528 apud
198 1445 292 1507 Deum
308 1448 365 1506 sinl
377 1445 504 1507 babituri
518 1447 691 1508 confessarii
702 1447 746 1517 ,illi
761 1448 810 1527 qui
824 1445 878 1507 hoc

99 1540 187 1602 modo
196 1560 280 1602 suum
292 1543 483 1601 ministerium
499 1552 639 1602 exercent.
653 1543 719 1601 Soio
730 1563 801 1618 ego,
819 1544 878 1601 imo

99 1643 128 1696 el
140 1642 239 1696 contra
260 1633 383 1694 aliorum
398 1637 583 1713 opinionem,
609 1637 658 1713 qui
674 1642 804 1692 assemni
816 1653 879 1692 esse

99 1728 328 1810 lempusimslra
341 1732 522 1808 impensum,
541 1737 622 1787 leneo
636 1747 697 1786 esse
712 1747 782 1806 opus
794 1725 879 1786 valde

99 1821 273 1882 Deocarum
284 1820 401 1897 dirigere
412 1823 523 1879 animas
537 1818 574 1880 ad
589 1821 666 1880 viam
678 1818 874 1899 perfoolionis3

100 1914 224 1994 ideoque
236 1913 273 1973 de
286 1913 341 1974 hoo
355 1913 446 1973 fusius
465 1913 566 1992 loquar
579 1917 671 1992 capite
686 1911 797 1973 ultimo.
819 1912 877 1974 Sed

100 1997 196 2070 assero
220 2010 322 2088 probos
346 2007 540 2068 confessarios
560 2010 610 2086 qui
631 2015 742 2066 lanium
759 2017 792 2064 ut
814 2008 877 2067 Deo

100 2104 236 2185 placeant
242 2101 440 2163 Confessiones
451 2104 596 2182 excipiunt
610 2097 876 2179 (quemadmodum

100 2198 194 2259 faeere
202 2206 413 2258 consueverunt
421 2197 452 2256 S.
464 2195 739 2277 PhilippusNeriua,
750 2193 781 2254 S.
789 2193 877 2254 loan-

102 2310 153 2352 nes
175 2312 192 2351 a
217 2290 333 2360 Cruee,
361 2289 392 2348 S.
416 2289 516 2347 Petrus
544 2289 696 2349 Alcanlara
710 2330 725 2362 ,-
743 2287 875 2368 aliique)

102 2383 222 2468 quando
241 2392 362 2443 oemunt
384 2381 512 2460 aliquam
531 2384 659 2441 animam
677 2380 876 2457 indigentem,

102 2479 257 2560 praelemni
272 2496 336 2537 eam
363 2477 516 2537 animabus
541 2475 666 2549 devotis,
693 2474 798 2554 quibus
820 2494 877 2534 au·
912 2556 916 2561 .

103 2573 217 2636 diendis
247 2570 501 2652 muniendisque,
537 2569 653 2655 quando
680 2568 877 2635 confessario!

104 2669 189 2750 vult,
210 2678 322 2748 tempus
339 2685 397 2729 non
415 2665 513 2727 deerit.
