1956 3608
160 190 186 261 §.
199 207 254 247 vn.
268 204 457 249 ruuruanrrs
470 204 582 245 moeurs
593 201 694 247 sront.
753 209 808 268 apr

76 294 145 356 Jesu
164 305 191 354 et
213 295 327 368 Maria,
352 295 433 354 vobis
453 312 501 354 cor
521 303 549 352 et
569 294 696 353 animam
715 313 809 355 meam

40 388 125 451 dono.

151 519 179 592 §.
192 519 262 579 Vll.
278 516 471 577 imminentis
485 516 592 577 mortis
604 516 705 598 sigerd.

79 682 150 743 280.
173 680 255 757 Opus
269 687 314 736 est
332 685 364 735 ut
382 674 519 736 Sacerdos
532 677 581 755 qui
599 674 652 735 hoe
670 676 817 740 eharitatis

24 808 26 813 v
41 797 113 859 opus
128 784 258 851 exercet,
275 774 451 834 imminentis
467 775 565 833 mortis
582 774 660 848 signa
678 776 769 847 sciat,
786 785 818 837 ut

40 876 78 934 ita
95 880 200 949 aegroto
217 873 276 945 jam
295 871 436 948 expiranti
455 866 557 928 melius
571 868 701 929 auxiliari
720 872 819 949 possit.

40 968 188 1046 Praeoipua
203 964 411 1024 etuniversalia
425 974 492 1022 sunt
504 966 567 1022 tria.
588 985 612 1022 r.
629 963 731 1023 Pulsus
745 962 819 1025 deii·

38 1065 120 1124 ciens
133 1102 142 1134 ‚
156 1060 365 1133 intermittens,
383 1068 410 1118 et
425 1058 588 1119 formicans.
610 1081 639 1117 2.
658 1059 819 1140 Respiratio
900 1074 903 1081 '

39 1154 139 1215 nursia.
166 1152 195 1212 3.
219 1149 302 1212 Oculi
324 1154 453 1213 excavati
474 1160 502 1209 et
516 1153 651 1224 uiuenti,
668 1160 718 1209 aut
733 1170 820 1230 aper-

39 1252 127 1311 tiores
143 1247 243 1318 solito,
259 1245 304 1303 vel
319 1248 407 1305 nimis
420 1244 525 1320 lucidi,
540 1244 585 1305 vel
601 1247 651 1325 qui
667 1247 821 1324 respiciunt

39 1343 154 1417 objecta
177 1336 288 1403 diverse
309 1358 397 1419 quarn
420 1336 482 1398 aliis
503 1346 657 1417 apparent,
680 1346 730 1398 aut
752 1358 819 1400 cum

38 1434 177 1516 palpebra
194 1435 321 1514 superior
338 1433 498 1509 relaxatur,
519 1443 548 1494 et
562 1432 724 1494 inferiorem
744 1453 821 1515 prae-

40 1521 236 1605 tergreditnr.'
579 1592 584 1599 Ι

83 1623 154 1682 281.
175 1619 252 1679 Sunt
264 1620 350 1679 etiam
366 1619 493 1698 proxima
506 1619 605 1677 mortis
616 1620 716 1695 signa,
732 1641 819 1682 nasus

42 1717 247 1787 acuminatus,
273 1722 299 1771 et
317 1714 346 1772 in
367 1712 547 1772 extremitate
566 1709 732 1787 albescens,
752 1724 780 1774 et
797 1719 821 1777 si

42 1828 129 1871 nares
139 1807 175 1870 ad
188 1810 278 1869 instar
291 1794 364 1866 fbllis
376 1804 492 1866 sufflant
506 1825 514 1874 ς
529 1819 634 1867 manus
649 1816 800 1868 trementes
812 1830 822 1882 ;

43 1921 157 1979 ungues
173 1898 267 1960 lividae
284 1920 292 1970 3
310 1898 395 1959 facies
415 1897 592 1974 flavescens,
608 1897 693 1960 livida
710 1910 738 1960 et
752 1921 822 1962 mu·

44 2003 104 2054 tata
118 2015 125 2064 ;
137 1991 224 2051 flatus
236 1991 309 2050 male
320 1990 398 2051 olens
411 2000 440 2051 et
453 1990 572 2069 frigidus
584 2013 592 2058 t
602 2013 703 2072 corpus
716 1995 823 2054 immo-

44 2087 103 2149 bile
124 2105 132 2156 ;
158 2084 243 2145 sudor
265 2084 366 2146 frontis
382 2095 411 2146 et
427 2084 567 2166 frigidus;
587 2086 663 2148 calor
679 2089 710 2146 in
730 2072 823 2152 cbrdis

45 2190 126 2263 parte
141 2182 250 2242 nimius
269 2200 277 2250 ;
300 2181 422 2243 festucas
438 2190 488 2243 aut
507 2181 658 2259 lanuginas
672 2181 822 2263 colligere3

46 2271 186 2352 frigiditas
201 2275 231 2330 in
245 2275 379 2331 extremis
393 2276 526 2335 omnibus
542 2277 678 2355 partibus.

88 2370 157 2430 282.
166 2366 254 2444 Signa
266 2375 361 2425 tamen
374 2369 542 2444 proximiora
552 2371 734 2447 expirationis
744 2383 824 2448 sunt,

46 2462 194 2541 respiratio
224 2459 414 2521 intermittens
439 2466 489 2519 aut
513 2456 646 2535 languida
670 2481 679 2531 3
706 2459 825 2531 delectio

49 2555 169 2637 pulsus3
188 2553 317 2615 dentium
334 2555 509 2628 contractio,
535 2552 638 2614 stridor
653 2576 661 2625 ς
680 2555 826 2621 distillatio

49 2653 80 2712 in
96 2648 160 2728 gula
175 2670 182 2719 ;
198 2648 260 2708 lene
274 2646 421 2727 quoddam
434 2650 607 2730 suspirium,
622 2661 672 2711 aut
684 2655 826 2731 gemitus;

35 2744 173 2824 'lacryma
190 2762 280 2823 perse
295 2741 406 2817 fluens;
424 2746 497 2820 oris,
514 2743 680 2822 oculorum,
697 2756 725 2806 et
741 2749 827 2808 totius

48 2841 175 2920 corporis
190 2841 287 2903 tursio.
814 2859 816 2864 ·

92 2935 163 2996 283.
178 2932 355 2994 Advertatur'
365 2955 388 2993 r.
402 2931 479 3013 quod
491 2932 651 2994 laborantes
659 2932 828 3018 hydropisi,

51 3029 123 3089 elisa
141 3028 211 3087 lebri
224 3039 240 3099 ‚'
255 3026 301 3086 vel
317 3025 455 3101 vulnere,
477 3026 641 3103 asthmate‚
662 3029 828 3112 pleuritide,

53 3121 835 3204 sauguinisfluxu‚vomitu‚angina‚etrheumatismo„

648 3221 727 3284 tta
