1956 3608
92 275 148 337 282
307 287 411 333 entare
432 286 653 331 concessum-

88 398 227 457 magnum
240 377 384 458 quoddam
399 378 516 439 lumen:
531 382 571 440 sic
583 378 666 438 'Deos
679 377 710 435 in
725 377 780 436 ieta
791 374 858 437 cali·

88 476 153 551 gine
168 470 294 532 infundit
305 474 410 533 anime
425 472 516 532 locem
532 490 692 548 magnam,
712 488 779 550 qnae
799 468 860 528 lacit

87 576 120 627 nt
134 566 179 625 illa
194 564 331 643 intelligat
341 584 399 625 non
414 568 473 643 jam
485 568 632 625 veritatem
648 562 779 642 aliquam
796 582 860 641 par-

88 660 256 731 ticularem,
273 658 323 719 scd
335 662 462 739 acquirat
472 659 631 737 generalem
642 655 804 736 qnamdam
814 698 823 731 ‚
835 665 861 715 el

85 753 235 815 consutam
253 756 384 814 notitiam
396 774 454 815 snae
469 751 769 831 incomprehensibilis
780 751 861 810 boni-

11 898 14 903 .
73 851 176 922 raris,
202 847 279 907 unde
302 850 399 908 anima
416 849 513 926 incipit
531 845 681 905 efformare
694 844 862 905 altissimam

90 942 146 1002 Dei
161 940 273 1015 ideam,
295 942 361 1001 licet
374 941 532 1002 confusam.
557 939 685 1016 Quando
698 941 796 999 anima
812 939 863 999 ali·

87 1036 260 1115 quantulum
273 1038 362 1093 noscit
375 1034 502 1112 aliquam
512 1053 548 1091 ex
562 1033 673 1091 divinis
686 1034 863 1110 perfectioni-

88 1129 157 1201 bus,
171 1124 258 1187 efficit
266 1126 383 1206 quidem
397 1137 566 1204 conceptum
578 1145 637 1185 suae
648 1128 803 1198 bonitalis,
815 1124 862 1184 red

88 1220 170 1298 longe
185 1218 284 1280 melior
302 1230 344 1279 est
365 1230 515 1299 conceptus
529 1238 614 1298 quem
629 1219 736 1279 format
748 1217 863 1298 qnando

88 1318 229 1391 cognoscit
251 1312 379 1373 divinam
396 1314 594 1392 perfectionem
612 1333 670 1373 non
689 1333 771 1392 posse
787 1334 862 1373 com-

89 1404 235 1486 prehendi.
253 1407 357 1466 Scribit
371 1405 523 1466 cardinalis
540 1407 701 1467 Petruccins
715 1409 746 1465 in
759 1406 863 1467 doctis-

87 1502 168 1561 simis
175 1502 235 1557 anie
242 1499 385 1577 epistolis,
395 1498 470 1558 hanc
484 1502 642 1559 orationem
653 1511 800 1579 propterea
813 1521 863 1560 vo·
895 1514 898 1519 ·

87 1592 144 1653 cari
157 1594 314 1653 orationem
328 1591 475 1669 caliginis,
492 1597 560 1672 quia
576 1597 605 1654 in
621 1593 675 1653 lrac
692 1596 752 1653 vita
767 1597 861 1654 anima

88 1702 146 1743 non
155 1694 294 1762 estcapax
302 1684 376 1744 clare
386 1683 560 1760 intelligendi
572 1682 755 1744 divinitatem
768 1685 862 1758 ‚unde

65 1828 70 1833 .
88 1778 117 1833 in
134 1775 186 1835 hoc
197 1785 272 1833 statu
287 1775 483 1851 intelligitnon
497 1774 703 1851 intelligendo,
716 1775 767 1835 sed
781 1777 862 1837 intel-

89 1865 147 1941 ligit
168 1865 248 1942 longe
270 1865 371 1925 melius
393 1869 472 1925 omni
492 1865 548 1925 alio
570 1865 656 1926 modo
674 1867 859 1944 intelligendi.

87 1956 153 2015 Non
178 1956 327 2033 inlelligit,
349 1959 417 2036 quia
435 1978 500 2018 cnm
518 1958 595 2016 Dens
610 1977 668 2016 non
684 1961 722 2017 sit
740 1979 784 2019 res
798 1980 861 2038 quae

88 2047 190 2109 format
202 2052 355 2126 imaginem
370 2061 420 2110 aul
431 2051 570 2127 figuram,
585 2050 744 2112 intellectus
761 2058 859 2133 nequit

88 2142 123 2200 de
137 2163 170 2202 eo
184 2142 276 2201 ideam
291 2141 459 2212 efformare;
476 2154 503 2202 et
518 2142 666 2204 ideonihil
682 2145 762 2206 aliud
775 2149 859 2207 intel-

87 2235 164 2310 ligit,
188 2255 275 2312 quam
298 2233 375 2313 quod
398 2235 477 2294 illum
502 2256 560 2294 non
584 2237 660 2299 valet
682 2240 857 2319 inlelligere:

86 2337 256 2406 quapropter
282 2326 448 2403 hujusmodi
474 2331 657 2407 intelligentia
679 2344 798 2395 vocalur
823 2337 858 2394 ab

87 2424 271 2501 Areopagita‚
285 2423 423 2483 sublimis
434 2426 564 2503 cognitio
581 2427 635 2485 Uei
645 2447 701 2502 per
713 2428 857 2506 ignoran-

86 2519 172 2576 tiam.
202 2519 236 2575 ln
258 2516 316 2594 ,hac
338 2521 464 2577 oratione
487 2519 613 2594 caliginis
644 2520 858 2597 suspenduntur

86 2628 184 2668 omnes
200 2611 345 2669 interiores
359 2614 490 2688 potenliae
503 2615 627 2684 animae,
646 2622 674 2672 et
685 2614 857 2694 quandoque
882 2672 885 2681 ‚

85 2705 171 2763 eliam
185 2721 285 2761 sensus
303 2706 471 2763 exteriores:
490 2707 531 2764 ila'
544 2715 575 2763 ut
588 2709 685 2766 anima
702 2708 856 2787 aliquando

86 2794 258 2876 ingrediatur
270 2798 299 2854 in
310 2798 482 2857 ebrietatem
495 2799 702 2873 spiritualem,
715 2822 780 2880 quae
793 2805 857 2864 l'acit

85 2907 148 2949 earn
169 2905 349 2967 prorumpere
361 2890 390 2945 in
406 2886 536 2965 quadam
557 2892 662 2946 amoris
682 2889 805 2969 deliria,
826 2904 856 2954 ut

53 2968 66 2983 ’
84 2991 205 3053 cantus,
222 2981 378 3055 clamores,
399 2978 482 3039 fletus
498 2979 685 3056 immodicos,
700 2985 809 3059 saltus,
829 2996 856 3046 et

84 3065 129 3126 lrie
144 3072 265 3144 similia,
287 3073 531 3151 quemadmodum
545 3077 694 3138 eveniebat
708 3079 741 3139 Sz
756 3081 856 3141 illaria

76 3159 262 3244 Magdalerrae
276 3163 313 3227 de
327 3166 440 3232 Paczis.
