1956 3608
306 234 330 313 §.
349 258 375 297 r.
394 250 461 295 cunr
481 240 678 309 mers,etc.
821 252 877 311 req

146 358 198 419 qr.
220 338 306 419 Quod
319 349 416 401 autern
430 343 552 421 pertinet
564 338 603 401 ad
613 335 823 401 absolutionem
833 334 881 396 lris

100 436 200 512 pueris
213 434 453 514 impertiendam,
470 454 571 512 magna
588 435 741 515 requiritur
750 434 881 492 attentio.

101 527 261 588 Siconstet
274 527 351 608 quod
367 530 421 608 ipsi
443 526 631 589 sufficientem
652 548 738 589 nsum
761 529 881 589 rationis

102 621 162 696 jam
178 619 321 695 habeant,
341 632 424 700 prout
442 624 465 680 si
482 619 613 682 distincte
625 622 817 697 confitentur,
830 616 880 681 vel

101 711 881 794 adaquateinterrogationibnsrespondentetappareat

101 806 180 885 quod
199 809 252 886 ipsi
273 807 332 884 jarn
349 806 591 886 comprehendant
608 827 638 866 se
656 816 770 887 peccato
788 805 881 867 offen·

101 897 178 959 disse
191 901 308 973 Deum,
321 909 349 959 et
358 903 493 961 meruisse
502 900 645 961 infernum
658 919 668 968 3
680 908 748 960 tnnc
758 940 768 973 ,
778 902 801 958 si
811 902 881 959 satie

101 993 257 1054 videantur
268 990 394 1071 dispositi
405 1035 414 1066 ,
427 993 625 1054 absolvantur.
638 993 676 1054 Ar
684 995 708 1052 si
717 995 748 1053 in
760 995 882 1072 peccatis

101 1082 257 1144 lethalibus
271 1092 339 1142 sunt
355 1082 489 1158 recidivi,
509 1087 561 1165 ipsi
577 1081 716 1146 tractandi
728 1093 797 1145 sunt
806 1086 881 1147 sieut

100 1176 209 1248 adulti3
221 1175 330 1236 undosi
343 1196 400 1236 non
410 1179 555 1258 praebeant
564 1178 787 1239 extraordinaria
798 1180 878 1254 signa

101 1269 226 1344 doloris,
248 1269 389 1330 absolutio
413 1273 454 1330 eis
475 1269 581 1331 differri
608 1271 702 1331 debet.
733 1270 764 1330 Si
781 1281 879 1332 antem

100 1361 224 1423 dubium
244 1365 299 1439 sit,
328 1383 366 1424 an
390 1384 462 1444 puer
480 1365 634 1446 perlectum
654 1385 738 1427 usum
761 1368 878 1427 rationis

101 1455 227 1533 babeat,
243 1467 326 1537 prout
347 1460 371 1518 si
396 1458 443 1519 ille
461 1462 491 1518 in
513 1471 577 1521 actu
603 1460 798 1521 confessionis
816 1480 878 1522 non

102 1560 229 1613 maneret
242 1555 415 1631 compositus
428 1597 437 1624 ‚
451 1553 499 1612 sed
514 1554 608 1614 oculos
618 1557 648 1615 in
660 1558 751 1632 gimm
764 1566 876 1634 ageret,

101 1644 234 1703 manibus
251 1637 411 1720 jocaretur,
432 1646 643 1722 impertinentia
662 1648 850 1724 interponeret
867 1667 876 1717 ς

100 1745 186 1809 tunc,
199 1739 223 1795 si
233 1746 276 1796 est
287 1739 317 1794 in
334 1736 457 1816 periculo
467 1737 585 1811 mortis,
601 1746 650 1796 aut
663 1739 692 1795 in
707 1737 878 1813 obligatione

100 1828 238 1910 implendi
261 1839 431 1909 praeceptum
452 1829 604 1905 paschate,
626 1829 819 1891 absolvendus
834 1840 877 1892 est

99 1924 153 1982 sub
165 1922 329 1984 conditione
342 1943 349 1993 ;
364 1932 393 1980 et
404 1931 483 1982 tanto
497 1927 587 2001 magis
598 1927 622 1983 si
635 1922 780 1985 consessus
791 1924 877 1986 fuerit

98 2014 216 2096 aliquod
241 2015 362 2076 dubium
389 2013 508 2075 mortale
536 2019 595 2088 (r)
611 2036 620 2088 3
637 2017 710 2075 bene
726 2020 805 2077 enim
824 2040 877 2098 po-

59 2185 63 2192 ,
99 2117 153 2169 test
167 2106 359 2169 administrari
378 2107 597 2170 Sacramentum
620 2109 674 2169 sub
691 2109 877 2186 conditione,

98 2202 216 2284 quando
228 2207 303 2280 justa
318 2203 398 2263 adest
411 2223 513 2276 causa,
529 2214 562 2264 ut
573 2214 647 2265 esset
660 2203 721 2266 haec
735 2204 875 2268 liberandi

97 2292 177 2356 bunc
195 2313 315 2373 puerum
333 2314 350 2353 a
372 2304 447 2353 statu
469 2294 681 2371 damnationis,
700 2299 724 2356 si
743 2317 874 2377 unquam

98 2388 128 2446 in
142 2385 225 2446 illum
241 2395 283 2444 est
298 2384 395 2464 lapsus
406 2387 463 2454 (2).
478 2383 569 2464 ldque
583 2387 745 2462 agendum,
760 2390 873 2450 etiamsi

97 2498 168 2559 puer
181 2480 218 2539 sit
232 2477 390 2550 recidivum
405 2476 476 2537 dum
491 2476 555 2539 ideo
569 2476 674 2537 differri
692 2478 776 2540 debet
790 2482 877 2542 abso-

98 2570 171 2632 lutio
184 2574 218 2630 iis
228 2573 278 2650 qui
292 2572 443 2652 perfectam
456 2571 653 2633 discretionem
664 2572 790 2650 habent,
805 2578 873 2657 quia

99 2685 162 2747 spes
178 2663 313 2749 estquod
330 2684 366 2725 ex
386 2665 436 2726 tali
456 2664 591 2726 dilatione
609 2670 661 2746 ipsi
678 2667 794 2730 redeant
813 2669 875 2730 dis·

100 2762 182 2839 positi
198 2780 206 2830 ;
232 2757 282 2820 sed
302 2779 366 2839 spes
380 2758 440 2820 haec
457 2757 609 2821 difficulter
626 2759 724 2824 haberi
746 2773 835 2842 potest
854 2785 872 2823 a

100 2856 193 2933 pueris
203 2857 254 2933 qui
269 2853 391 2932 perfecto
403 2873 456 2914 usu
470 2857 587 2914 rationis
600 2866 706 2917 carent.
721 2857 758 2915 Et
770 2857 874 2935 proba·

133 3041 173 3106 (r)
188 3041 264 3090 Tom.
278 3034 332 3097 ΙΙΙ,
347 3033 393 3088 lib.
404 3040 438 3100 6,
455 3051 531 3090 num.
543 3037 602 3104 432·
612 3055 636 3095 v.
648 3040 694 3094 tv,

133 3143 170 3201 (a)
188 3136 244 3196 tib.
256 3139 271 3187 6
285 3171 292 3203 ,
306 3148 382 3190 num·
393 3137 436 3190 2⁸.

691 3222 721 3286 b
744 3223 770 3289 b
