1956 3608
208 190 234 275 ξ.
246 218 289 257 ιιι.
304 214 409 257 rnuvrs
420 208 524 255 rrtxrs
535 212 777 257 ornumornum..
819 204 877 278 ²l7

108 332 174 376 oum
198 311 285 367 etiam
307 315 376 366 tunc
398 306 485 385 poosit
501 325 583 365 mens
602 306 633 364 in
651 306 747 365 Deum
766 303 882 365 elevari.

108 410 189 485 Quot
209 398 370 473 rusticulae,
385 420 452 459 cum
469 402 510 459 eis
526 399 598 458 nihil
618 401 751 478 temporis
766 420 817 461 nec
832 399 884 459 loci

107 499 249 579 supersit,
265 491 420 554 laborando
430 503 459 551 et
471 495 523 551 iter
533 491 663 569 agendo,
678 513 761 553 suam
775 492 884 554 faciunt

107 593 265 653 orationem
279 588 287 645 l
304 586 452 661 Quaerenti
466 585 545 643 enim
561 583 674 657 Deum,
691 589 720 643 in
732 588 811 645 omni
823 585 883 646 loco

106 696 134 747 et
149 684 270 745 inomni
289 690 415 759 tempore
429 680 559 737 invenire
569 677 618 736 ille
628 698 658 735 se
671 678 748 737 lacit.

148 796 217 857 2¹9·
239 773 345 854 Quoad
363 783 495 853 tempus,
511 775 606 852 aplius
623 774 674 831 erit
690 782 802 851 tempus
817 796 882 835 me-

105 874 243 933 tutinum.
281 869 397 927 Bonum
423 887 483 927 non
507 861 655 927 Habebunt
680 870 789 925 exitum
817 889 882 947 quae

105 970 135 1027 in
149 964 197 1024 die
212 964 305 1036 liunt,
318 983 384 1023 cum
396 982 481 1022 mane
493 965 648 1023 orationem
664 982 747 1021 suam
759 965 882 1042 quisque

103 1061 195 1131 lacere
206 1058 340 1135 neglexit.
358 1057 489 1117 Orationi
506 1061 616 1137 proprie
627 1059 670 1117 bis
685 1060 714 1115 in
728 1056 774 1117 die
788 1063 883 1119 vacari

103 1153 242 1226 deberet,
267 1171 371 1224 mane,
396 1161 425 1210 et
447 1171 564 1229 vespere
580 1174 587 1221 3
606 1152 655 1209 sed
677 1173 743 1212 cum
766 1172 883 1230 vespere

103 1245 292 1309 commoditas
310 1263 369 1301 non
388 1252 450 1317 est,
468 1243 520 1303 fiat
535 1243 634 1302 saltem
657 1264 751 1304 mene.
779 1246 882 1305 Aiebat

101 1342 141 1402 V.
167 1341 202 1397 P.
228 1338 267 1395 D.
291 1336 411 1396 Carolus
434 1336 538 1403 Carasa
558 1341 670 1418 piorum
690 1343 882 1418 operariorum

99 1432 260 1509 fundator,
288 1452 378 1492 unum
402 1444 498 1494 actum
519 1437 624 1495 amoris
638 1455 704 1494 cum
719 1438 809 1495 animi
824 1436 880 1495 ler-

102 1540 272 1593 voretnane
291 1532 321 1586 in
336 1531 462 1586 oratione
477 1528 604 1602 lactum,
628 1528 757 1591 sufficere
774 1529 811 1592 ad
832 1552 881 1592 re-

103 1622 390 1686 urendamanimam
403 1624 433 1679 in
445 1641 496 1681 suo
507 1621 617 1681 fervore
628 1643 676 1701 per
689 1634 780 1683 totum
793 1625 880 1689 diem.

102 1715 209 1795 Quoad
233 1724 330 1776 aulem
352 1723 465 1792 tempus
490 1711 571 1791 quod'
595 1716 625 1772 in
649 1718 775 1774 oratione
799 1719 881 1779 insu·

100 1806 240 1869 mendum
256 1809 326 1882 erit,
353 1804 518 1877 Pamchm,
543 1816 594 1866 aut
617 1804 815 1868 Confessarius
829 1831 879 1889 pro

101 1921 151 1961 sua
170 1898 320 1979 prudentia
337 1917 366 1956 se
380 1895 491 1973 dirigat.
507 1897 625 1958 Certum
640 1906 702 1973 est,
724 1898 803 1959 ulad
816 1922 880 1981 per-

100 1994 230 2056 fectionis
255 1990 373 2070 gradum
392 1990 546 2051 sublimem
561 1995 762 2071 perveniatur,
777 1995 878 2058 mediae

98 2085 178 2146 horae
195 2087 317 2163 spatium
337 2103 396 2143 non
411 2103 472 2143 esse
490 2080 690 2144 sufficientem.
715 2086 880 2164 Caeterum,

99 2181 168 2237 satis
180 2178 233 2235 erit
244 2175 297 2236 hoc
310 2185 421 2256 tempus
432 2196 483 2256 pro
494 2177 695 2256 incipientibus
706 2197 714 2248 ;
730 2198 802 2258 quos
811 2200 880 2242 ver·

99 2268 199 2333 sedulo
211 2279 324 2327 moneat
338 2309 348 2341 ,
365 2289 402 2327 ne
413 2274 569 2330 orationem
581 2275 715 2333 omittant
724 2295 789 2335 cum
806 2286 879 2337 tem-

98 2384 154 2447 pus
167 2360 351 2421 desolationis
365 2359 524 2419 advenerit.
541 2364 717 2425 observetur
727 2368 806 2447 quod
818 2370 879 2430 dic·

99 2466 161 2519 tum
184 2464 227 2515 est
249 2477 283 2514 n.
311 2453 375 2513 125.
404 2450 462 2512 Sed
479 2453 690 2531 progrediamur
704 2456 741 2516 ad
756 2458 876 2522 modum

97 2551 254 2631 practicum
272 2549 427 2622 orationis,
448 2567 535 2627 quem
549 2545 647 2608 docere
661 2546 755 2612 debet.
776 2554 876 2617 Oratio

98 2646 191 2705 tribus
207 2651 319 2704 constat
332 2644 479 2722 partibus,
499 2647 725 2725 preparatione,
749 2649 876 2713 medita-

99 2740 197 2810 tione,
215 2746 241 2795 et
257 2735 447 2797 conclusione.
469 2738 504 2796 ln
522 2744 725 2819 preparatione
740 2753 793 2802 tres
806 2767 875 2806 con·

98 2834 227 2892 tinentur
241 2841 340 2904 actus,
359 2833 464 2910 quibus
481 2852 511 2890 se
524 2852 652 2895 exercere
665 2834 749 2894 debet
764 2879 775 2910 ‚
798 2839 875 2909 fidei

98 2942 205 3001 nempe
232 2943 279 3001 per
304 2930 481 3003 praesentiam
509 2929 590 3000 Dei,
623 2930 823 3008 humilitatis,
845 2949 874 2996 et

99 3018 327 3094 supplicationis
338 3018 429 3078 divini
441 3019 575 3095 luminis,
592 3020 710 3082 dicendo
726 3047 733 3083 :
753 3048 778 3084 r.
789 3029 871 3091 Deus

99 3132 203 3188 meus,
218 3111 311 3173 credo
325 3127 351 3174 te
361 3116 437 3175 milri
448 3135 510 3176 esse
519 3133 701 3195 praesentem
713 3164 721 3192 ,
735 3137 763 3182 et
772 3124 803 3184 in
813 3124 872 3184 mel

692 3217 766 3291 hu
