1956 3608
150 189 209 263 ιιι
372 196 477 243 narnus
494 165 698 242 concussam.
803 185 806 190 “

148 295 260 357 devotis
269 290 387 374 puellis,
402 300 435 351 ut
444 289 561 371 capillus
570 288 725 371 praecidant
736 331 746 363 ‚
757 298 785 350 et
796 289 918 371 aliquem

148 388 271 449 induant
285 386 418 447 habitum
433 383 594 462 religiosum
609 404 617 454 ς
636 382 686 442 sed
702 393 781 443 curet
802 394 836 445 ut
856 389 921 466 ipae

148 485 227 562 prius
245 478 433 560 permultum
449 488 560 558 tempus
575 480 605 538 in
622 479 682 537 vita
698 476 838 557 spirituali
851 488 879 538 et
893 481 922 539 iu

149 577 304 639 virtutibus
319 574 410 634 ,fixius
427 572 536 634 radices
552 573 732 632 immiserint.
757 572 876 654 Propter
891 575 925 632 is-

149 680 210 732 tam
231 672 354 729 nimiam
374 669 538 729 facilitatem
558 667 803 726 confessariorum
821 709 831 742 ‚
856 677 925 748 quot

149 763 254 846 puella
280 773 376 844 postea
401 762 532 822 habitum
555 760 727 836 dimittunt,
756 770 785 820 et
812 765 925 843 nuptias

151 861 252 919 ineunt
266 878 331 918 cum
346 855 481 917 scandalo
492 855 565 926 loci,
583 865 611 915 et
622 854 698 915 malo
712 854 844 934 exemplo
855 855 926 916 alia-

151 972 215 1012 rum
227 952 234 1010 l
247 970 275 1028 7.
284 951 385 1029 Neque
393 949 437 1009 his
447 949 549 1028 puellis
559 947 705 1026 indulgeat
713 947 926 1025 confessarius,

152 1056 184 1106 ut
197 1067 214 1105 a
229 1047 298 1103 viris
313 1044 468 1104 doceantur
482 1041 592 1120 legere,
612 1053 641 1104 et
656 1053 736 1104 tanto
750 1046 850 1104 minus
863 1046 941 1106 sori·>

151 1139 229 1200 bere.
263 1138 344 1216 Quot
369 1135 470 1216 puettae
491 1135 657 1216 simplices,
679 1140 747 1216 quia
771 1136 930 1199 didicerunt

152 1229 260 1310 legere,
275 1234 379 1292 animae
395 1233 534 1308 jacturam
551 1229 648 1292 luxere
663 1230 671 1291 l
692 1231 761 1291 Haec
778 1233 801 1290 si
816 1240 928 1292 nonest

153 1327 283 1404 proxima
300 1327 405 1404 peccati
426 1327 557 1399 occasio,
584 1323 682 1384 saltem
700 1332 815 1384 estnon
829 1344 931 1406 pamm·

153 1416 319 1498 periculosa.
348 1418 379 1478 Si
403 1421 522 1497 cupiunt
548 1417 614 1477 talia
638 1416 805 1495 addiscere,
832 1426 953 1485 curent„

153 1506 249 1567 doceri
273 1510 310 1568 ab
333 1508 430 1589 aliqua
454 1509 509 1569 alia
531 1508 676 1586 muliere,
704 1519 753 1570 aut
775 1511 813 1570 ab
835 1510 929 1590 aliquo

153 1602 239 1664 fratre
257 1605 379 1685 parvulo
404 1612 457 1676 (et
477 1604 573 1667 adhuc
594 1600 660 1666 cu'm
684 1606 840 1682 cautela),
862 1606 931 1668 alio·

153 1701 226 1779 quin
238 1720 285 1760 eas
295 1721 355 1761 non
364 1701 494 1762 absolvat
505 1721 512 1772 ;
524 1720 577 1762 nec
587 1703 673 1760 etiam
686 1699 817 1760 absolvat
828 1711 931 1762 matres

152 1815 219 1875 quae
237 1795 290 1857 hoc
307 1799 485 1881 pennittuut.
504 1799 533 1858 8.
549 1796 651 1876 Neque
665 1793 800 1856 concedat
816 1797 932 1858 feminis

154 1887 330 1967 juvenibus,
347 1899 379 1949 ut
394 1899 514 1966 lugent,
526 1889 656 1952 ecclesias
668 1887 829 1965 visitando,
844 1902 933 1972 utque

154 1981 185 2040 in
198 1980 313 2042 ecclesia
326 1994 474 2043 morentur
492 1982 556 2063 plus
570 2004 657 2064 quam
673 1992 715 2042 est
731 1988 931 2062 necessarium,

155 2096 222 2136 cum
238 2079 452 2157 perturbatione
465 2088 633 2156 parentum;
649 2077 697 2137 sed
712 2097 760 2137 eas
772 2090 889 2140 moneat
902 2088 931 2140 ut

155 2169 306 2231 attendant
322 2174 362 2230 eis
377 2189 490 2249 parere3
508 2171 617 2230 labores
629 2169 797 2230 domesticos
808 2173 939 2253 amplos·-

147 2263 253 2325 teudo.
279 2264 434 2342 Quomodo
447 2277 543 2326 autem
556 2307 566 2339 ‚
585 2275 615 2326 et
625 2275 768 2346 quantum
781 2269 934 2330 Confessa-

157 2358 216 2416 rius
230 2376 330 2418 cavere
344 2355 475 2417 debeata
492 2357 686 2419 familiaritate
703 2377 819 2420 suarum
837 2361 939 2422 l‘ceni·¹
956 2365 959 2369 ’

157 2454 298 2525 tendum,
316 2449 351 2510 de
365 2450 418 2513 hoc
432 2470 525 2512 sermo
540 2452 589 2511 liet
600 2474 688 2511 num·
710 2471 774 2532 ¹¹9·
792 2453 836 2514 De
848 2453 941 2517 dirce·

157 2543 235 2601 tione
249 2552 345 2602 autem
364 2545 527 2603 animarum
543 2541 732 2622 spiritualium
752 2544 784 2603 in
806 2553 865 2608 toto
880 2544 933 2608 lX.

157 2631 283 2710 capitulo
296 2633 459 2712 loquemur.

160 2774 188 2850 §.
199 2776 254 2840 IV.
271 2779 436 2860 Quomodo
448 2780 557 2842 debeat
566 2803 597 2842 se
605 2803 709 2862 gerere
720 2785 933 2864 Confessurius

363 2895 437 2934 cum
450 2875 544 2935 Mutis
559 2889 587 2936 et
601 2873 736 2938 Sardis!
802 2942 807 2950 ,

206 3029 272 3068 roa.
288 3006 319 3068 Si
332 3018 430 3071 mutus
439 3020 511 3071 esset
521 3012 607 3072 etiam
619 3011 739 3090 surdus,
753 3025 785 3076 ut
795 3001 933 3080 ordinarie

162 3105 278 3195 evenit,
295 3102 408 3182 adeius
422 3106 627 3169 contessionem
641 3110 838 3191 excipiendam
854 3133 935 3197 opor·
