1956 3608
18 327 36 383 s

136 224 175 287 58
354 227 458 281 retexis
477 237 679 284 confession.

176 332 197 394 3
199 351 228 410 j·
248 328 342 389 Ctncn
358 331 401 389 Vl
422 334 627 410 Proeceptum.
650 333 676 394 1.
694 332 911 412 Interrogentnr
943 350 949 361 ·

102 457 106 469 ·
135 421 172 483 de
184 422 419 498 cogitationibus,
436 442 506 483 num
521 421 761 499 desideraverint,
778 435 831 486 aut
845 446 909 487 ruo-

135 536 198 579 rose
212 514 341 577 delectati
355 515 458 577 luerint
473 517 509 599 de
522 520 606 579 rebus
622 519 778 607 inhonestis
790 541 799 591 ;
824 530 853 581 et
867 540 908 581 an

136 609 219 692 plene
227 608 264 670 ad
279 630 326 670 eas
341 609 516 674 adverterint
526 623 555 674 et
567 615 770 675 consenserint.
791 613 909 676 Deinde

136 724 208 767 num
220 709 412 786 concupierint
425 705 533 786 puellas
547 751 558 781 ,
572 716 622 769 ant
635 707 756 783 viduas,
768 718 820 770 ant
832 728 910 790 nup-

137 810 198 874 tas3
212 811 239 861 et
249 801 320 882 qold
331 801 398 863 matt
408 821 474 862 cum
486 801 542 862 illis
550 823 580 865 se
588 803 710 865 facturos
719 802 910 867 intenderint.

135 892 242 974 loquo
256 892 486 970 advertendum,
500 894 578 975 quod
592 898 701 972 rustici,
716 897 909 958 communiter

25 1050 29 1083 Ε
137 987 297 1068 loquendo,
311 993 475 1050 existimant
488 993 583 1068 majus
593 1001 740 1071 peccatum
754 1001 910 1071 stuprum,

21 1086 29 1163 J
136 1098 225 1158 quam
240 1079 396 1160 simplicem
413 1080 646 1145 fornicationem:
662 1085 829 1144 econtrario
842 1101 911 1143 nes-

21 1170 27 1181 ’
136 1174 218 1235 ciunt
230 1173 369 1235 malitiam
381 1173 525 1237 adulteriis
543 1173 613 1239 Ideo
625 1197 692 1237 cnm
706 1178 742 1235 iis
752 1179 802 1256 qui
820 1176 911 1254 hujus

137 1270 200 1330 vitii
211 1269 445 1331 consuetudinem
457 1269 581 1346 babent,
595 1290 654 1330 nou
665 1269 780 1350 expedit
790 1288 838 1331 eos
848 1290 913 1332 mo-

137 1384 205 1428 nere
222 1364 257 1425 de
273 1364 403 1426 adulterii
426 1365 553 1439 malitie,
574 1387 639 1427 cum
656 1364 829 1445 previdetnr
842 1387 913 1428 rno-

137 1463 209 1522 nitio
229 1480 329 1540 parum
348 1458 517 1539 profutura,
538 1458 588 1521 sed
602 1467 714 1520 tantum
730 1457 863 1521 effectura
878 1469 913 1522 ut

137 1552 281 1613 Poenitcns
304 1549 407 1632 duplici
430 1561 543 1631 peceato
556 1560 671 1632 peccet,
693 1553 716 1633 si
729 1553 823 1613 cernis
836 1570 915 1613 con-

139 1650 319 1728 cupiscentiis
328 1666 387 1708 non
399 1648 519 1707 resistet.
537 1646 580 1707 De
595 1645 748 1729 bisantem
760 1647 914 1723 cogitatio-

138 1745 246 1819 nibus,
271 1745 376 1822 quibus
395 1743 522 1802 essentiti
546 1750 614 1801 sunt
639 1740 833 1815 Poenitentes,
858 1759 915 1800 sn-

140 1837 262 1900 rnendus
283 1847 326 1897 est
348 1855 485 1896 numerus
504 1844 614 1907 certus,
635 1836 659 1894 si
679 1833 776 1894 baberi
793 1844 916 1914 potest3

142 1933 186 1991 sin
202 1939 319 2002 autem,
336 1929 504 2009 exquiratur
518 1928 629 2008 quoties
645 1928 674 1985 in
688 1924 752 1998 die,
771 1924 816 1983 vel
836 1924 917 1986 heb-

141 2021 324 2095 domada,vel
333 2024 360 2080 irt
371 2019 700 2098 utense,cogitetionlbus
707 2019 917 2079 consenserint.

142 2114 199 2178 Sed
215 2118 238 2176 si
256 2136 309 2176 nec
328 2104 465 2174 etiamid
486 2111 625 2192 explicare
643 2110 768 2190 possint,
790 2108 917 2168 interro·

56 2260 64 2283 Ι
142 2219 262 2287 gentur,
276 2227 348 2265 num
360 2205 553 2286 concupierint
566 2201 691 2281 singulas
705 2199 837 2260 mulieres
847 2221 918 2281 quse

23 2286 55 2379 ,es
143 2304 197 2361 sibi
211 2310 411 2374 occurremnt,
433 2298 479 2358 vel
494 2301 523 2358 in
542 2307 666 2358 mentem
684 2303 823 2355 venerunt
838 2314 846 2364 ;
861 2306 917 2358 aut

143 2414 214 2455 nutu
225 2390 408 2454 habitualiter
419 2393 534 2471 turpiter
546 2389 582 2448 de
594 2387 690 2468 alique
705 2389 735 2445 in
749 2385 917 2465 particulari

143 2488 290 2562 cogitarint
306 2526 315 2560 ,
344 2503 495 2562 nunquam
519 2483 614 2562 pravis
629 2476 813 2540 consensibus
827 2479 918 2538 resis-

49 2626 65 2649 .4
144 2576 248 2645 tendo,
261 2585 289 2634 et
302 2595 339 2634 an
353 2594 463 2654 semper
477 2572 553 2633 illam
572 2569 785 2650 concupierint;
806 2568 853 2629 vel
874 2588 917 2633 au

70 2658 82 2715 ἶ
145 2678 257 2730 tanturn
271 2667 387 2747 quando
403 2671 496 2747 ipsam
516 2666 701 2747 aspiciebant.
724 2662 852 2723 Demum
867 2665 918 2723 in-

74 2806 78 2819 .
145 2769 319 2838 terrogentur
339 2762 448 2833 etiam,
474 2777 546 2818 num
567 2755 660 2817 media
677 2755 860 2834 apposuerint
875 2753 918 2816 ed

145 2851 236 2917 malas
248 2855 429 2931 cogitationes
438 2849 650 2932 exsequendas:
665 2868 733 2909 nem
744 2856 777 2906 nt
786 2845 918 2910 diximus

60 2936 67 2989 ἶ
145 2949 178 3007 in
186 2947 257 3006 libro
272 2949 338 3021 (1),
353 2954 421 3006 tunc
431 2944 477 3005 illa
487 2941 599 3022 media,
613 2945 663 3003 etsi
676 2936 866 3003 indifferentia
875 2981 886 3018 ,
895 2960 918 3002 a

182 3140 219 3200 tt)
238 3139 313 3193 Tom.
326 3137 352 3206 l,
369 3137 414 3192 lib.
430 3145 460 3206 5,
477 3153 551 3192 uum.
564 3148 606 3206 42.

174 3202 183 3216 5·
