1956 3608
193 215 221 292 §z
232 237 278 281 rr.
292 234 414 280 nomm
426 235 514 281 macr
523 235 766 281 consessionem.
808 239 867 303 ³77

98 335 168 402 tur,
190 329 301 389 etiamsi
316 326 504 389 moribundus
520 330 552 388 in
569 338 633 389 actu
649 333 754 410 peccati
772 349 875 411 sensns

98 423 378 496 amiseritdococit.
393 441 430 483 ex
439 421 480 480 D.
490 421 641 501 Augustini
652 427 875 499 auctoritate,et

99 513 210 572 ratione
220 533 228 583 r
239 515 323 593 quia,
334 533 370 574 ex
380 524 438 572 una
450 523 547 592 parte,
560 513 684 575 conditio
695 514 873 576 sacramenti

96 605 315 667 irreverentiam
328 616 475 680 removet,
489 615 517 666 et
528 625 563 666 ex
574 606 647 680 alia,
662 627 772 689 semper
784 608 874 669 intuli

100 715 168 757 casn
181 715 326 777 quemque
340 696 415 759 velle
429 716 488 759 suae
503 697 587 758 saluti
602 698 748 759 consulere
761 699 876 775 indica-

101 799 164 865 tur,
180 800 209 851 et
221 791 354 854 sensibile
369 791 486 872 aliquod
502 795 616 870 signnm
632 791 799 868 ostendere,
815 793 879 856 licet

101 887 194 956 morbi
208 906 293 946 causa
307 889 421 964 siguum
437 906 496 946 non
511 888 584 947 bene
598 886 785 965 intelligatur.
802 890 832 961 4.
845 888 879 948 Si

100 978 238 1039 infirmus
264 989 326 1059 post
349 982 464 1041 tertium
489 971 585 1055 diem,
612 979 676 1043 licet
695 978 733 1043 de
755 981 880 1062 periculo

103 1075 252 1148 monitus,
274 1093 328 1136 nec
342 1084 439 1138 tamen
456 1076 584 1136 confiteri
602 1076 714 1152 vellet,
737 1078 880 1156 optimum

104 1172 158 1230 erit
171 1172 194 1230 si
216 1171 354 1232 Sacerdos
371 1172 513 1232 medicum
533 1173 723 1246 monefaciat,
745 1183 778 1232 ut
799 1176 879 1248 juxta

104 1263 137 1324 Sa
152 1264 196 1321 Pii
207 1265 247 1323 V.
258 1265 389 1337 linitam,
402 1283 467 1324 eum
478 1284 538 1324 non
550 1264 675 1346 amplius
687 1268 811 1327 invisere
824 1276 880 1328 eat.

106 1359 139 1418 Sl
163 1365 258 1416 tamen
280 1358 412 1419 infirmus
426 1361 456 1419 in
470 1378 521 1419 sua
536 1359 633 1421 adhuc
648 1371 763 1422 maneat
781 1363 882 1441 pervi-

107 1455 202 1525 cacia,
215 1461 280 1512 tunc
291 1452 400 1514 medico
409 1460 508 1516 curam
518 1453 614 1516 denuo
624 1458 766 1539 suscipere
777 1455 882 1516 licebit.

106 1544 185 1607 Vide
199 1547 250 1608 tio.
265 1547 303 1623 6,
318 1568 406 1607 num.
420 1549 491 1621 664ss

294 1753 328 1794 11.
339 1742 433 1793 'arnon
448 1751 698 1795 conrnunronmr.

153 1908 222 1986 265.
249 1926 430 2000 anunnnrt
458 1925 635 2009 adnotantur
657 1929 776 1988 monita.
798 1925 823 1985 l.
844 1925 890 1988 Ut.

110 2021 229 2080 infirmo
243 2021 388 2080 Viaticum
404 2023 557 2082 ministrari
574 2024 681 2102 possit,
698 2040 811 2082 necesse
824 2039 889 2102 non

114 2123 157 2175 est
175 2124 206 2173 nt
221 2117 298 2173 ornni
313 2117 380 2176 vitae
394 2134 444 2196 spe
464 2116 616 2176 destitutus
635 2119 690 2188 sit,
713 2114 762 2174 sed
781 2111 888 2175 sufficit

114 2211 215 2272 mortis
235 2209 411 2288 periculum,
434 2213 513 2273 libro
539 2216 576 2288 6,
598 2232 727 2272 numero
752 2211 820 2285 284.
845 2209 885 2269 ll.

115 2303 149 2364 si
161 2305 286 2362 vomitus
301 2303 457 2381 periculum
474 2305 565 2378 adsit,
588 2307 734 2366 Viaticum
750 2304 811 2365 dari
829 2323 889 2364 non

116 2405 224 2479 potest,
236 2395 299 2457 licet
308 2399 486 2477 permittatur
493 2401 662 2476 experientia
675 2417 739 2458 cunr
752 2397 890 2476 particula

118 2509 178 2550 non
208 2499 391 2559 consecrata,
423 2509 552 2550 numero
577 2487 646 2548 282.
667 2512 693 2546 v.
724 2493 760 2548 tn
785 2488 889 2550 dubio.

118 2572 397 2642 nicromantiam
409 2580 580 2662 pollentibus
588 2582 674 2641 etiam
684 2582 735 2640 rite
741 2579 890 2642 -Viaticum

121 2674 182 2735 dari
199 2685 289 2754 potest
303 2692 313 2742 r
327 2694 437 2734 necnon
451 2674 610 2750 freneticis,
624 2673 782 2737 dummodo
795 2666 893 2737 sancte

122 2770 229 2829 vixisse
243 2777 372 2842 constet,
386 2768 539 2849 autpaulo
556 2780 624 2830 ante
636 2769 756 2830 confessi
771 2771 845 2840 sint,
862 2775 895 2852 εἴ,

125 2863 280 2944 periculum
293 2867 483 2926 irreverentiae
502 2851 559 2925 non
576 2861 649 2924 adsit
662 2883 671 2932 ς
690 2861 811 2939 ideoque
824 2876 891 2921 cnm

123 2959 186 3018 istis
200 2959 380 3036 probabiliter
393 2958 501 3021 licitum
522 2968 566 3016 est
586 2958 705 3034 experiri
720 2974 785 3013 eum
802 2957 893 3034 parti-

126 3050 189 3112 cula
197 3071 255 3110 non
267 3061 436 3111 consecrata.
447 3050 500 3111 lv.
515 3049 642 3109 infirmis
653 3050 738 3107 etiam
750 3049 779 3106 in
794 3049 898 3121 Parasff

126 3144 520 3229 ceve,uthabeturexsacrae
529 3145 651 3206 Rituum
662 3143 896 3223 congregationis
