1956 3608
216 199 241 278 ξ.
256 218 289 258 rr.
311 210 398 258 emet
415 214 525 258 raeurcr
542 215 701 259 nnmerum.
803 206 842 266 23

66 320 100 371 et
126 305 158 369 iu
182 328 239 368 non
266 308 359 368 solum
379 311 515 369 inserviet
541 318 573 369 ut
597 309 690 369 Maria
713 307 844 370 Sanctis-

67 402 144 460 sima
165 401 218 460 sibi
243 399 418 479 opituletur,
440 398 591 460 sedetiam
611 410 643 460 ut
665 402 694 459 in
717 403 845 461 occasio-
886 436 891 445 ·

65 493 156 553 nibus
181 493 335 570 reperiatur
356 484 473 550 habitus
494 490 585 552 sactus
607 490 720 553 dicendi
743 490 843 555 eadem

67 585 169 646 verba.
193 585 253 647 Aut
268 582 418 644 adsuescat
431 582 575 660 dicendo,
592 585 788 646 meledictum
804 588 844 649 sit

62 690 228 756 peccatum
243 695 370 746 mouens
386 679 567 740 maledictus
579 679 752 739 sitdoemon
763 722 772 754 ,
785 694 843 745 etc.
911 688 915 693 '

66 772 135 834 atta
160 771 284 833 remedia
312 774 467 849 assignabit
498 771 696 833 Confessarius
718 794 768 853 pro
791 794 843 835 sua
877 764 881 771 ³

68 863 245 946 prudentia,
259 867 395 944 inspectis
410 867 631 925 circumstantiis
642 868 844 944 occasionum,

67 977 258 1039 personarum
273 967 302 1018 et
316 959 492 1019 munierum.

192 1145 217 1224 §.
232 1144 286 1205 111.
307 1140 402 1239 Circo
416 1143 555 1225 officinm
572 1148 723 1208 Ductoris.

117 1349 164 1409 ¹7·
176 1334 292 1392 Lanu
302 1329 475 1391 Sacerdotis
487 1330 826 1394 eustodientseientiem
838 1373 849 1408 ,

69 1437 99 1486 et
108 1426 205 1503 legem
216 1424 369 1508 requirent
378 1443 419 1484 esc
433 1427 561 1489 orecr'us
577 1430 632 1498 (1).
647 1425 846 1503 Confessario,

71 1526 104 1578 ut
117 1518 248 1579 Doctoris
257 1515 350 1578 officio
362 1519 414 1577 rite
424 1516 573 1596 fungatur,
588 1539 660 1599 opus
674 1530 759 1581 estut
773 1521 847 1581 bene
933 1506 938 1519 ⁸

73 1614 143 1672 sciat
157 1611 269 1689 legem3
287 1614 338 1692 qui
353 1612 431 1670 enim
446 1631 509 1671 earn
524 1615 658 1688 ignorat,
680 1632 738 1674 non
754 1622 848 1693 potest

72 1704 143 1765 alios
157 1702 274 1765 docere..
291 1702 350 1764 Sed
364 1702 412 1764 hic
430 1702 639 1763 advertendum
656 1714 699 1764 est
717 1704 747 1764 id
769 1706 847 1786 quod

72 1800 171 1860 scribit
188 1798 221 1858 S.
243 1799 419 1875 Gregorius,
439 1817 546 1879 nempe
562 1796 688 1859 officium
707 1799 847 1878 dirigendi

73 1894 185 1952 animas
201 1895 252 1970 per
267 1893 346 1951 viam
365 1890 465 1951 salutis
483 1903 594 1952 aeternae
611 1911 672 1952 esse
685 1903 775 1953 artem
797 1914 848 1954 ar·

73 1987 169 2045 tiumz
187 1990 251 2056 Ars
269 1983 385 2044 ortium
399 1983 534 2065 regimen
549 1985 738 2047 animorum.
761 1986 799 2048 Et
814 1987 847 2047 S.

72 2079 241 2139 Franciscus
267 2077 394 2138 Satesius
422 2075 535 2139 dicebat
559 2074 686 2137 officium
711 2079 847 2139 audiendi

72 2169 263 2232 confessiones
286 2190 347 2230 esse
375 2172 504 2232 omnium
531 2172 691 2232 maximum
714 2180 742 2231 et
766 2169 849 2230 diffi-

73 2263 222 2325 cillimum.
247 2264 358 2324 Revera
372 2267 411 2324 ita
427 2273 469 2324 est
489 2284 498 2322 a
520 2277 564 2325 est
580 2264 719 2325 oninium
736 2265 847 2325 mexi-

73 2379 184 2433 mum,
202 2359 269 2438 quia
284 2367 327 2416 est
340 2359 470 2418 omnium
486 2359 668 2418 scientiamm
683 2359 772 2433 finis,
796 2361 847 2439 qui

74 2449 148 2510 nihil
160 2449 314 2510 aliudesse
326 2448 510 2530 debetquam
521 2448 598 2509 salus
609 2459 712 2509 aeterna
726 2470 735 2523 ;
748 2459 848 2530 estque
867 2506 871 2515 ,

74 2546 206 2603 omnium
223 2544 441 2624 difficillimum
458 2542 530 2604 dnm
544 2545 654 2624 primo,
672 2543 847 2606 Confessan‘i
922 2604 928 2613 ,

74 2654 183 2699 munus
198 2640 316 2716 requirit
338 2639 470 2706 ‚omnium
490 2634 697 2716 scientiamm,
716 2644 847 2700 omnium

76 2728 235 2793 officiorum
265 2740 352 2812 atque
380 2734 485 2792 artium
507 2733 638 2792 notitiam
662 2752 671 2803 3
696 2731 850 2806 secundo,

77 2818 145 2903 quia
153 2827 277 2887 scientia
290 2823 454 2903 Theologiae
467 2824 581 2885 moralis
598 2825 847 2906 complectitur-tot

76 2919 209 2981 materias
218 2920 292 2981 iuter
301 2938 330 2980 se
342 2917 490 2992 diversam
503 2921 685 2999 tertiopquia
697 2921 726 2978 in
742 2928 845 2993 magne

111 3108 148 3171 (a)
165 3100 279 3159 umen.
295 3103 330 3170 ὅ,
349 3120 374 3169 7.
397 3100 400 3107 ’
