1956 3608
198 252 202 257 .
218 190 292 273 §L'ru
306 212 445 259 nannum
456 211 609 259 inomaus
619 209 753 261 mnan.
810 200 868 263 265

93 316 179 380 ture,
192 305 229 366 ob
239 305 336 366 oculos
346 314 488 387 ponantur
499 306 721 386 praesentioritae
730 305 871 383 miseriae,

91 402 296 476 infirmitates,
312 390 404 463 animi
418 420 555 478 angores,
569 420 682 463 necnon
696 399 830 482 peccandi
841 410 873 463 et

92 493 288 556 damnationis
306 494 441 576 pericula.
455 493 524 554 ldeo
537 497 626 555 sancti
641 497 694 557 viri
708 504 768 557 tam
783 492 871 557 avide

91 599 215 651 mortem
229 591 414 671 exoptabant.
442 588 474 649 S.
499 587 635 649 Tberesia
660 589 777 650 aiebat:
797 592 871 653 Heu

90 684 169 745 milri
176 726 186 758 ‚
201 685 274 763 quio
285 687 318 743 in
330 683 415 744 omni
424 684 494 745 oitoe
504 702 582 744 mcoe
593 696 747 744 momento
764 680 866 745 Deum

89 775 231 836 omittere
245 774 388 853 possum!
407 772 492 836 Unde
505 774 617 855 quoties
627 771 803 851 horologium
819 794 871 835 so·

89 869 204 942 nabat,
222 872 304 929 toties
322 868 407 931 valde
425 868 643 947 gratulabatur,
667 887 702 928 eo
717 867 795 948 quod
807 873 867 947 jam

89 957 158 1020 bora
184 959 272 1037 liujus
296 960 412 1040 periculi
437 970 578 1022 transacta
606 970 688 1020 esset.
725 960 869 1041 Martyres

89 1056 181 1115 sancti
195 1053 298 1115 hilares
313 1054 349 1115 ad
364 1055 489 1136 patibula
509 1053 720 1138 procedebant,
736 1065 768 1116 ut
782 1057 867 1117 citius
908 1089 912 1098 ·

87 1145 142 1209 boe
153 1147 308 1228 periculum
317 1147 488 1226 effugerent,
500 1159 529 1208 et
538 1149 601 1208 Deo
609 1149 779 1207 fruerentur.
787 1149 865 1212 ilinc·

86 1241 229 1303 diciturin
239 1241 407 1320 Apocalypsi
416 1244 486 1316 (14,
498 1240 557 1314 13.)
570 1262 578 1299 :
592 1243 680 1302 Beati
689 1242 803 1302 mortui
809 1241 864 1321 qui
876 1274 881 1303 :

84 1336 118 1399 in
138 1335 274 1396 Domino
296 1336 489 1397 moriuntur.
506 1367 563 1397 „a
580 1349 614 1397 ut
632 1335 864 1414 requiescerem

84 1428 244 1492 laboribus
253 1429 329 1490 sais.
344 1430 379 1489 ln
391 1429 444 1492 lrac
458 1429 647 1512 lacrymarum
657 1428 733 1491 valle
741 1432 866 1493 viatores

85 1542 186 1583 sumus
197 1544 205 1581 :
218 1524 444 1584 Nonirodemus
455 1525 505 1590 hic
514 1539 686 1584 monentem
699 1524 863 1591 civitatem.

84 1616 174 1678 Hebr.
191 1616 241 1690 13,
261 1617 305 1689 ¹4·
323 1616 527 1696 Unusquisque
536 1625 587 1676 aut
597 1618 861 1695 rex‚autpontiiex

84 1720 206 1771 mortem
219 1711 314 1770 subire
326 1708 420 1769 debet.
871 1744 874 1749 -

122 1807 195 1883 249.
211 1803 504 1865 Horteturinfirmum
514 1811 574 1879 ,ut
587 1801 650 1863 Deo
659 1803 762 1881 gratias
775 1814 859 1882 agat,
880 1884 881 1888 Ἰ

81 1896 161 1980 qnod
177 1917 235 1957 non
251 1899 408 1976 permiserit
425 1899 497 1957 muri
520 1906 645 1977 tempore
666 1916 725 1976 quo
747 1900 859 1961 eratin
944 1979 946 1983 Ι

81 1999 197 2073 peccato
211 2010 222 2058 ς
236 1999 264 2049 et
277 1989 354 2069 quod
367 2000 436 2051 tunc
448 1990 544 2071 ipsum
556 1991 748 2051 Sacramentis
759 1994 857 2053 muni-
880 2032 883 2039 ·

81 2094 144 2147 turn
163 2081 309 2144 discedere
328 2082 596 2165 disponat.·Dicat‚
615 2083 715 2144 saltem
734 2095 875 2155 mortem,

81 2177 180 2240 libenti
199 2179 296 2238 animo
309 2177 507 2260 excipiendam
520 2198 603 2254 esse,
620 2179 687 2258 quia
703 2177 856 2243 evadimus

81 2283 121 2335 tot
135 2273 214 2335 leves
226 2272 344 2352 culpas,
369 2276 505 2354 aquibus
520 2277 551 2333 in
565 2274 619 2336 hac
633 2276 691 2337 vita
708 2276 853 2339 immunes

81 2387 209 2431 saccaron
225 2385 387 2448 possumus.

117 2463 189 2526 250.
209 2462 294 2524 Dicat
308 2469 430 2539 aegroto:
448 2459 558 2522 Frater
570 2459 630 2536 mi,
643 2474 760 2539 oportet
773 2476 808 2525 ut
821 2473 850 2529 to

81 2562 250 2637 conformes
265 2560 415 2620 uoluntati
430 2559 505 2635 Dei,
521 2560 575 2636 qui
587 2559 697 2619 omnio
713 2560 853 2636 disponit

81 2666 201 2731 propter
213 2666 350 2714 nostrum
365 2653 494 2713 bonum.
509 2654 584 2734 Quis
596 2655 723 2732 sciton,
738 2655 767 2717 si
770 2678 850 2718 ,om-

81 2747 155 2807 rlius
178 2747 304 2822 viveres,
331 2745 468 2807 unimam
493 2746 634 2821 perderes
658 2746 668 2803 l
695 2746 754 2806 Sed
775 2747 850 2809 dicet

81 2840 209 2900 'nfirmus
227 2861 235 2898 ε
254 2843 319 2921 Ego
347 2840 442 2901 vivere
464 2854 625 2915 optarem,
649 2840 849 2917 ori-aliquam

81 2938 139 2998 [leo
148 2930 852 3014 dcculpismeissutisfuctioncmprendendum,
940 2987 945 2992 ,

81 3042 99 3091 a
127 3026 246 3104 aliquid
260 3025 340 3086 boni
365 3038 435 3086 onte
460 3034 589 3085 mortem
610 3024 843 3106 peragendum,

81 3122 147 3185 lum
161 3140 258 3198 usquo
270 3120 375 3182 odhuo
387 3118 466 3181 nibil
477 3117 534 3199 agi.
546 3115 729 3199 Respondeat
739 3117 846 3182 Sacer-
