1956 3608
159 249 215 309 170
350 214 355 233 ι
377 250 411 287 nn
420 246 480 287 leS
500 246 703 286 cons'tzssanrt.

154 346 242 419 ponat
256 336 332 409 illis,
346 347 377 398 ut
392 340 421 396 in
434 337 621 397 confessione
634 346 701 397 ante
715 339 813 397 omnia
830 336 881 396 alia
893 356 919 396 se

152 442 286 493 accusent
299 430 335 490 de
349 435 476 491 oratione
489 435 613 506 omissa,
631 430 748 511 quando
763 451 828 491 eam
841 435 922 493 inter-

152 528 300 593 miserint3
315 528 453 604 quoniam
468 525 561 586 relicta
576 528 701 586 oratione
711 528 810 586 anima
821 514 919 587 salvari

152 636 211 675 non
223 619 335 696 poterit.
347 619 466 679 Animo
478 617 847 697 quoeomittitorctioncm
858 616 923 693 (di-

152 713 235 772 eebat
245 711 278 771 S.
286 712 443 784 Theresia)
458 726 605 790 tunquam
617 713 803 787 esemetipsa
820 733 852 775 sc
862 700 923 776 col·

151 808 235 869 locut
259 809 289 868 in
314 811 435 884 insarno
461 808 525 868 sine
553 828 647 887 opera
672 806 867 868 doemonum.
900 808 924 867 0

152 901 236 961 Dens
249 903 255 962 l
270 911 297 961 et
309 912 449 981 quantam
461 900 633 961 confessarii
645 897 765 961 afferent
777 903 926 965 animabus

154 996 305 1054 utilitatem
318 992 564 1054 adhibendohanc
575 996 726 1053 minimam
737 992 924 1073 diligentiam!

152 1087 191 1145 Et
201 1085 236 1146 oh
248 1084 255 1144 l
268 1084 382 1164 qualern
395 1086 457 1144 Deo
472 1087 609 1163 rationem
624 1093 692 1144 sunt
704 1083 842 1147 reddituri
855 1089 926 1163 ,nisi

44 1182 47 1187 ’
152 1182 192 1242 ila
201 1190 316 1259 gerant,
327 1183 464 1260 quoniam
474 1180 526 1259 ipsi
535 1187 668 1238 tenentur
679 1198 926 1261 procnrarequan·

155 1285 217 1335 turn
228 1276 259 1332 in
270 1294 301 1332 se
312 1283 354 1333 est
366 1273 539 1353 spiritualem
548 1291 724 1352 progressum
737 1292 857 1333 suornm
867 1273 929 1334 Poe·

141 1367 325 1427 nitentium!
339 1367 386 1425 Oh
402 1367 408 1426 l
421 1376 489 1444 quot
498 1368 611 1425 animas
620 1374 733 1446 possent
744 1367 799 1445 ipsi
809 1364 927 1427 adriam

154 1462 331 1546 perfectionis
339 1459 457 1536 dirigere
468 1502 477 1533 ,
490 1478 595 1538 easque
607 1482 622 1519 a
637 1458 769 1521 recidivis
780 1462 810 1520 in
818 1470 928 1541 peccata

154 1559 249 1635 gravia
271 1555 411 1630 liberare,
437 1557 460 1613 si
478 1553 646 1615 adhiberent
660 1553 735 1615 hanc
750 1565 865 1617 tenuem
882 1557 929 1615 in·

155 1653 294 1712 dustriam
320 1647 459 1728 dirigendi
488 1668 536 1709 eas
558 1668 607 1728 per
626 1650 707 1707 viam
722 1650 881 1724 orationis,
904 1658 930 1712 et

154 1743 348 1822 interrogandi
364 1753 457 1823 postea
470 1787 480 1818 ,
497 1741 599 1803 saltem
614 1743 667 1801 sub
682 1743 772 1801 initiis
787 1744 856 1804 vitae
874 1746 931 1823 spi·

155 1840 286 1914 ritualia,
301 1849 397 1898 utrum
409 1857 474 1896 eam
489 1839 606 1899 fecerint
619 1858 632 1912 ,·
647 1836 694 1895 vel
708 1838 787 1896 nonl
805 1837 931 1916 Quando

155 1935 251 1993 anima
268 1931 362 2010 aliqua
377 1949 406 1989 se
417 1931 446 1988 in
460 1932 585 1990 oratione
599 1926 751 2003 solidavit,
765 1926 931 1990 difficillime

154 2027 221 2109 plus
235 2026 330 2085 Deum
345 2027 452 2086 amittit
467 2045 475 2094 ;
493 2035 521 2084 et
536 2023 599 2083 ideo
614 2027 701 2083 oratio
718 2024 854 2085 mentalis
865 2027 932 2084 insi-

155 2119 274 2182 nuanda
297 2129 419 2179 estnon
445 2127 556 2177 tanturn
587 2120 749 2192 timoratis,
773 2118 823 2178 sed
846 2121 931 2179 etiarn

156 2213 373 2293 peccatoribus,
394 2214 444 2289 qui
459 2231 533 2291 sape
550 2213 587 2272 ob
599 2210 748 2277 ,defectum
766 2212 932 2274 considera·

157 2309 243 2367 tionis
258 2305 376 2365 redeunt
389 2303 427 2365 ad
442 2309 595 2367 vomitum.

202 2403 267 2464 125.
283 2399 375 2480 Super
389 2403 484 2461 omnia
497 2401 670 2465 Conlessarii
680 2399 818 2463 adhibere
829 2401 932 2462 debent

158 2495 335 2573 diligentiam
350 2494 443 2567 hanc,
458 2517 522 2555 cum
537 2495 711 2555 Poenitentes
724 2498 874 2575 patiuntur
886 2496 932 2557 de·

159 2589 328 2649 solationem
350 2590 474 2667 spiritus.
493 2591 654 2669 initioque
673 2592 770 2650 anima
795 2610 826 2650 se
849 2590 931 2653 tradit

158 2685 226 2744 vitae
240 2681 400 2762 spirituali,
426 2682 495 2741 solet
512 2683 589 2742 Deus
607 2682 684 2745 illam
702 2683 814 2745 allicere
828 2689 932 2767 specia-

141 2832 145 2839 .
159 2776 234 2837 libus
244 2771 414 2854 quibusdam
432 2773 609 2849 luminibus,
624 2774 755 2854 lacrymis
768 2786 799 2836 et
812 2778 931 2838 sensibi-

159 2873 234 2932 libus
249 2868 311 2930 aliis
324 2868 560 2928 consolationibus
571 2889 577 2937 ;
591 2867 640 2928 sed
649 2867 745 2948 elapso
755 2869 854 2951 aliquo
865 2882 932 2935 tem-

160 2963 324 3046 pore,solet
332 2960 462 3022 claudere
472 2962 547 3024 banc
555 2972 717 3038 venam,nt
727 2967 827 3044 probet
835 2986 930 3029 earum

161 3055 350 3129 fidelitatem,
372 3064 400 3114 et
422 3065 454 3114 ut
471 3053 568 3116 cased
583 3057 718 3132 majorem
732 3058 931 3137 perfectionem

154 3144 292 3226 extollat,
313 3145 486 3209 subtrabens
499 3149 540 3208 eis
552 3147 714 3215 sensibilem
729 3156 848 3215 ornnem
866 3148 930 3213 dut·
