1956 3608
168 224 716 274 annuo.sctu.s.n.snen.n01.ouunr.
769 236 829 298 299

57 327 141 384 nium
156 325 334 395 orationum,
356 319 592 402 disciplinamm,
609 343 746 402 precum,
767 326 831 384 suf-

58 419 232 497 fragiorum,
256 416 524 498 eleemosynarum,
548 417 739 496 jejuniomm‚
761 422 832 498 vigi·

57 512 185 587 liarum,
205 515 380 585 missamm,
399 509 534 570 horarum
554 515 778 588 canonicarum,
798 534 831 576 ac

58 617 223 668 ceterorum
241 607 382 666 bonomm
400 603 613 684 spiritualium,
643 627 707 686 quae
724 610 831 688 passim

59 699 126 775 die,
155 709 296 779 nocteque
326 702 519 779 (cooperante
543 698 734 760 misericordia
763 702 831 762 lesu

59 793 189 866 Christi)
215 813 231 853 a
248 792 382 871 religiosis
396 802 578 873 peraguntur.
599 793 634 852 ln
649 795 766 853 nornine
776 794 832 856 Pa·

57 888 127 961 tris,
146 895 173 945 et
186 885 273 958 Filii,
293 894 322 945 et
337 885 461 965 Spiritus
475 885 584 946 Sancti.
605 886 711 944 Anien.

98 976 275 1054 Bene†dicat
299 987 326 1037 te
352 975 482 1038 conditor
508 976 570 1038 coeli
594 987 622 1037 et
649 988 728 1038 terras
752 977 831 1039 Deus

57 1070 260 1150 omnipotens,
296 1070 345 1150 qui
374 1079 401 1129 te
427 1067 528 1147 eligere
561 1067 694 1148 dignatus
723 1079 766 1130 est
794 1069 832 1133 ad

56 1165 147 1225 beatae
172 1166 288 1243 virginis
310 1165 411 1225 Mariae
430 1163 467 1224 de
484 1165 585 1225 Monte
600 1163 732 1224 Carmelo
747 1168 832 1226 socie·

56 1268 145 1320 tatem
161 1270 188 1320 et
201 1260 479 1336 confraternitatem,
498 1276 587 1339 qoam
611 1279 778 1340 precamur,
800 1271 834 1323 ut

54 1350 87 1413 in
103 1351 172 1412 hora
190 1352 284 1413 obitus
298 1354 339 1413 tui
354 1361 480 1414 conterat
495 1363 583 1432 'eaput
597 1357 754 1434 serpentis,
781 1357 833 1434 qui

54 1446 109 1506 tibi
132 1455 173 1506 est
195 1442 394 1524 adversarius,
413 1457 440 1508 et
455 1446 571 1508 tandem
587 1458 724 1528 tanquam
738 1450 833 1508 viator

55 1540 184 1622 palmam
211 1552 240 1601 et
271 1561 403 1602 coronam
432 1546 634 1622 sempttemam
661 1542 833 1605 haereditatis

54 1638 248 1717 consequaris.
272 1635 326 1697 Per
341 1633 488 1696 Christum
511 1624 671 1697 Dominum
690 1647 834 1703 nostrum.

55 1731 163 1791 Amen.

127 1889 321 1970 Aspergutur·
336 1890 484 1968 recipiens
500 1911 583 1970 aquo
598 1891 766 1953 benedicta.

57 2069 130 2127 29¹·
150 2048 323 2111 Benedictio
340 2050 511 2130 scapularis
532 2051 565 2112 S.
588 2051 700 2114 Mario
718 2064 831 2131 septem

369 2146 534 2211 uotorum.

99 2290 130 2343 tr.
152 2277 336 2358 Adiutorium
353 2293 505 2357 nostrum,
522 2294 575 2348 etc.

99 2394 133 2448 pr.
155 2379 215 2456 Qui
230 2376 296 2439 lecit
312 2376 414 2439 coelum
429 2389 457 2438 et
473 2388 594 2456 terram,
611 2391 664 2443 etc.

363 2530 532 2574 OREMUS·

101 2649 233 2710 Domus
254 2647 323 2711 Jesu
352 2649 488 2728 Christe,
518 2652 567 2733 qui
593 2661 704 2732 tegmen
729 2663 832 2716 nostrae

59 2743 239 2810 mortalitatis
271 2742 388 2805 induere
421 2742 554 2824 dignatus
577 2767 628 2822 es,
652 2749 832 2808 obsecramus

59 2842 234 2900 immensam
252 2838 388 2918 largitatis
403 2848 458 2905 tuae
472 2839 705 2916 abundantiam,
729 2851 761 2900 ut
778 2839 832 2903 hoc

59 2951 150 3011 genus
171 2936 432 3012 vestimentorum,
457 2933 535 3017 quod
559 2939 649 2997 sancti
673 2936 769 2997 Patres
794 2934 834 2996 ari

58 3028 272 3105 innocentiam,
302 3028 529 3111 humilitatisque
550 3030 687 3092 indicium
711 3033 741 3091 in
767 3053 833 3093 me-

59 3124 181 3189 moriam
216 3133 324 3207 septem
359 3125 500 3192 Dolorum
523 3129 558 3192 B.
585 3129 703 3209 virginis
730 3128 831 3194 Maria
