1956 3608
92 268 97 274 .
173 206 365 284 cummunis
379 234 784 282 numusursnuuncrnrurs.
808 238 861 297 107

92 331 201 391 donem
223 332 359 411 impertiri
384 326 633 392 consuetudinario
660 337 689 387 et
718 323 866 405 recidivo,

91 422 211 506 quando
228 423 276 485 iiie
292 444 342 505 per
362 426 475 503 signum
492 421 749 485 extraordinarium
764 418 867 500 dispo-

92 521 163 579 situs
173 528 308 600 uppuret3
324 516 376 579 sed
387 538 446 579 non
461 518 564 579 dieitur
574 520 681 589 teneri,
697 518 766 596 quia
775 524 869 595 potest

92 616 177 674 etium
195 613 404 675 absolutionem
425 616 452 672 ei
477 610 608 686 differre,
632 615 660 671 si·
678 610 732 673 boc
751 618 867 673 censeor

92 709 244 790 expedire,
262 719 295 770 ut
310 711 500 771 communiter
518 708 588 768 Du.
603 707 707 768 docent
720 712 785 784 (r);
806 718 866 769 ete·

91 807 174 881 nisu,
198 803 263 865 iicet
283 805 429 864 Poenitens
446 812 510 882 post
525 802 730 863 confessionem
748 821 866 863 suornm

91 907 272 978 peecatorum
286 900 333 973 jus
346 894 452 956 babeat
468 893 506 956 ad
520 894 748 969 absolutionem,
768 904 867 956 tamen

91 991 248 1053 nonhabet
258 994 304 1068 jus
314 1001 346 1053 ut
355 994 453 1053 statim
462 990 629 1053 absolvatur
642 1008 651 1062 ς
663 1010 731 1051 narn
744 990 867 1051 Confes-

91 1088 200 1163 surius‚
215 1094 352 1166 tunquam
364 1084 504 1161 Medicus,
512 1086 586 1146 bene
598 1094 699 1166 potest,
707 1087 866 1168 imoquan·

91 1181 186 1262 doque
204 1190 317 1240 tenetur
336 1180 544 1240 absolutionem
568 1179 707 1254 differre‚·
725 1200 791 1240 cum
815 1182 867 1256 ju-

90 1271 169 1334 dicat
194 1271 251 1331 tate
269 1270 428 1331 remedium
448 1274 606 1332 necessario
628 1256 760 1352 prodes'se
780 1271 866 1333 saluti

90 1365 136 1424 sui
152 1362 328 1423 Poenitentis.
345 1364 391 1423 An
408 1372 504 1424 antem
517 1361 651 1443 expediat
666 1362 808 1424 ordinarie
821 1365 865 1424 uti

90 1455 144 1516 boc
159 1452 299 1532 remedio,
311 1466 363 1517 sut
375 1474 433 1516 non
443 1458 505 1515 sine
517 1460 657 1516 consensu
674 1455 865 1516 Poenitentis?

92 1551 211 1611 Certum
226 1560 339 1610 estnon
351 1549 506 1629 expedire,
518 1549 636 1629 quando
653 1548 751 1612 dilatio
764 1549 865 1611 efferre

92 1653 183 1730 potest
198 1646 288 1723 magis
300 1642 503 1704 detrimentum
516 1684 526 1717 ‚
545 1663 634 1723 quarn
646 1644 820 1723 proiectum:
835 1657 865 1708 et

92 1737 169 1800 idern
180 1737 279 1799 dicunt
290 1739 359 1798 DD.
368 1735 485 1817 quando
494 1739 531 1797 ob
540 1728 707 1799 ditationem
720 1739 866 1800 Poenitens

92 1834 188 1894 subire
202 1832 317 1892 deberet
331 1832 458 1910 utiquam
472 1832 597 1893 insumite
612 1842 729 1912 notam,
746 1844 798 1895 ont
814 1854 865 1916 pe·

92 1926 214 1991 ticulum
243 1934 300 1998 (a).
328 1927 414 1985 Extra
430 1935 526 1986 antem
550 1927 603 1986 bos
621 1946 703 1987 casus
718 1972 728 2004 ‚
746 1929 865 2009 quidam

92 2016 197 2085 volunt
223 2021 326 2082 meiius
348 2038 410 2081 esse
436 2017 514 2098 quud
546 2019 711 2097 hujusmodi
735 2023 866 2085 recidivis

93 2116 242 2177 differatur
253 2115 404 2176 absolutio.
416 2114 474 2173 Atii
490 2126 585 2175 tomen
600 2118 781 2176 communius
795 2138 867 2178 oen-

94 2206 159 2272 sent
172 2207 201 2269 id
215 2230 278 2271 raro
290 2209 422 2290 expedire
434 2230 442 2280 ς
456 2220 483 2270 et
492 2210 546 2270 boc
556 2213 642 2271 etism
653 2214 740 2273 sentit
749 2212 867 2276 celebris

95 2314 256 2366 nostrorum
270 2314 429 2382 temporum
451 2305 671 2378 Missionarius‚
696 2307 731 2368 tt.
747 2307 779 2366 Ρ.
794 2308 868 2370 Leo-

95 2397 204 2460 nardns
219 2395 255 2456 de
272 2395 358 2457 Portu
379 2396 516 2455 Mauritio
532 2399 562 2454 in
577 2415 629 2456 suo
643 2396 725 2459 docto
737 2419 867 2464 sermone

96 2492 198 2553 Romae
221 2489 321 2567 edito,
346 2492 392 2551 oui
420 2487 541 2566 titulus,
562 2492 668 2552 Oratio
686 2496 814 2571 mystico
838 2510 869 2563 st

96 2584 236 2646 morulis.
251 2582 357 2642 Melius
365 2582 553 2645 nibiiominus
566 2581 718 2646 dicendum
727 2628 737 2662 ‚
747 2587 824 2668 qnod
835 2590 866 2651 in

98 2677 151 2740 boc
162 2686 268 2758 puncto
277 2687 401 2756 nequent
410 2687 484 2738 certa
497 2677 585 2740 statui
596 2679 710 2759 regula,
723 2681 773 2742 sed
786 2685 867 2746 Con·

99 2760 866 2851 fossariusjuxtaoccurrentesoircumstuntiasgererese

101 2864 210 2926 debeat.
225 2866 288 2925 Deo
298 2884 329 2926 se
339 2862 730 2940 commendet‚etsecundum
742 2889 772 2928 se
782 2853 869 2933 sentit

102 2958 288 3038 inspiratum,
303 2961 342 3018 sic
355 2956 450 3018 iaciat.
469 2960 528 3036 Ego
542 2961 579 3018 ita
594 2977 695 3018 censeo
709 2979 717 3016 e
733 2961 757 3018 si
770 2960 870 3028 Poeniq

136 3148 173 3207 (ι)
192 3142 247 3196 Lib.
259 3148 289 3205 6,
310 3159 387 3194 num·
400 3147 457 3209 462.
560 3146 599 3210 tn>
614 3144 700 3197 bium
716 3145 778 3287 κὶἲξ).

699 3228 733 3288 b
