1956 3608
164 222 221 263 122
381 215 483 259 rrtaxts
505 212 709 256 CONFESSARM.

163 306 255 368 sulere
279 306 396 367 modum
422 326 481 384 quo
507 304 729 365 reconvalidatio
756 306 932 367 Matrimonii

161 400 290 463 facienda
305 410 356 460 est.
382 400 426 459 Ad
443 399 517 461 lianc
529 410 624 460 autern
645 401 933 462 reconvalidatiunern

161 515 219 557 non
236 492 351 574 quidem
367 503 409 554 est
423 497 578 554 necessaria
595 497 754 555 assistentia
775 495 895 555 Paroolri
909 504 936 555 et

162 591 295 662 testium,
309 597 341 648 ut
350 589 500 669 probatum
509 594 606 662 est(r)
615 611 623 658 ς
633 587 733 664 sed,ut
742 587 870 648 diximus
879 593 935 663 (a),

161 691 272 743 tenetur
287 704 351 764 pars
362 686 472 744 conscia
488 682 686 763 impedimenti
702 682 821 743 alteram
835 685 936 744 certio-

161 798 224 839 rare
238 777 273 838 de
287 779 417 839 nullitate
430 780 628 855 Matrimonii,
644 782 723 856 juxta
738 779 850 838 solitam
863 779 937 840 clau·

162 871 254 933 sulam
281 872 312 934 S.
336 874 557 934 Poenitentiariae
576 895 584 932 t
612 877 651 934 Ut
663 873 747 935 dicte
761 874 888 936 muliere
901 873 936 935 de

162 972 300 1031 nullitate
316 970 428 1043 prioris
445 989 609 1030 consensus
623 967 809 1041 certiorate,
831 981 890 1030 etc.
905 969 938 1030 ttt

162 1063 246 1137 ideo,
263 1082 354 1143 perse
373 1061 513 1142 loquendo
528 1104 537 1136 ,
553 1060 590 1121 ad
601 1061 676 1122 hane
689 1061 847 1122 clausulam
862 1084 937 1125 exee-

162 1156 330 1238 quendam,
350 1176 409 1216 non
424 1152 529 1215 suffieit
546 1155 575 1214 id
590 1154 668 1234 quod
684 1155 773 1236 aliqui
796 1157 867 1217 DI).
887 1157 948 1221 ad·.

163 1253 299 1323 mittunt,
325 1248 429 1310 scilieet
446 1247 561 1308 dicere:
580 1250 612 1308 Si
626 1271 675 1308 me
688 1270 754 1309 non
771 1250 936 1326 duxmses,

163 1343 290 1402 duceres
304 1363 387 1401 nune
405 1338 419 1398 d
439 1340 518 1400 Aut:
536 1340 593 1400 Dic
611 1340 688 1400 milri
709 1354 737 1402 te
752 1341 831 1403 volo·
861 1342 937 1404 Aut:

163 1437 225 1496 Pro
244 1455 314 1494 mea
329 1435 537 1494 consolatione
550 1453 730 1495 renovemus
744 1456 939 1497 consensum

164 1527 283 1608 Semper
304 1529 382 1586 enim
409 1526 472 1587 talis
498 1546 653 1589 consensus
675 1538 717 1588 est
738 1527 939 1609 dependensa

164 1625 270 1706 priori,
291 1625 340 1704 qui
360 1621 414 1683 luit
435 1620 542 1683 nullus.
562 1622 623 1685 Nee
644 1621 749 1685 suffieit
765 1624 888 1704 copula,
911 1633 941 1684 ut

164 1718 214 1780 alii
229 1716 348 1791 dicunt,
367 1721 452 1777 etiam
469 1716 578 1778 affectu·
587 1717 709 1778 maritali
729 1718 837 1779 hahita.
866 1720 941 1779 Bene

164 1824 262 1874 tamen
288 1814 355 1872 satis
377 1813 429 1870 erit
452 1811 571 1872 disere:
596 1813 747 1873 Nostrum
762 1815 939 1894 eonjugium

164 1907 333 1969 invalidum
346 1908 409 1982 fnit
428 1906 467 1966 ob
487 1907 659 1984 quemdum
678 1907 947 1969 circumstantium·

167 1998 261 2068 (dnm
276 2019 334 2060 non
352 2008 395 2058 est
411 1999 545 2076 obligatio
558 1997 760 2060 manifestandi
773 2000 948 2079 qualitatem·

165 2091 406 2173 impedimenti),
424 2111 604 2152 renovemus
629 2113 825 2154 eonsensum
861 2093 942 2154 Aut:

170 2183 303 2262 Quando
326 2197 352 2242 te
376 2181 479 2256 duxi,
496 2202 559 2241 non
576 2182 671 2242 hatur·
684 2204 789 2243 rerum
809 2206 944 2246 consen·

166 2297 237 2337 sum
263 2279 355 2343 (nam
366 2293 521 2335 consensus
534 2272 631 2335 nullus
644 2294 704 2336 non
718 2285 762 2336 est
777 2297 864 2336 verus
876 2297 946 2338 eona

169 2368 307 2443 sensus).
331 2369 411 2428 Ant:
430 2371 495 2449 Ego
520 2370 648 2431 dubium
665 2371 763 2432 hulten
785 2373 823 2432 de
842 2373 947 2434 aaron

167 2466 264 2527 nostri
274 2464 478 2541 Matrimonii,
494 2465 575 2525 uncle
584 2466 692 2525 iterum
705 2467 891 2526 contraham
897 2487 955 2530 uss

168 2559 246 2635 Quia
260 2568 328 2618 tune
342 2577 494 2617 consensus
509 2559 559 2638 qni
576 2567 742 2637 prestatur,
757 2562 817 2635 jam
829 2580 845 2619 a
859 2562 945 2640 priori

168 2670 228 2710 non
246 2649 397 2729 dependet.
418 2652 552 2727 Verum,
574 2651 691 2731 quando
714 2652 840 2734 prodens
863 2657 947 2715 timor

169 2755 241 2806 esset
258 2743 336 2825 qnod
352 2745 481 2825 praefatos
498 2744 598 2807 modos
617 2746 781 2807 adhibendo
801 2749 947 2828 patefieret

169 2845 293 2916 crimen,
313 2851 341 2900 et
355 2842 483 2922 pericula,
491 2847 629 2904 instarent
640 2845 782 2918 rixarum,
802 2845 946 2918 infamiae,

170 2947 219 2998 aut
234 2934 359 2999 scandali
372 2958 379 3010 ;
395 2947 423 2998 et
435 2940 497 3000 rice
510 2957 611 3016 versa,
625 2941 730 3017 conjux
745 2938 948 3021 impedimenti

201 3127 241 3190 (r)
258 3127 430 3181 Num01100.
566 3129 608 3191 (α)
625 3124 680 3178 le·
695 3131 728 3190 6,
746 3143 821 3179 num·
839 3133 915 3179 1115.
