1956 3608
97 217 157 302 504
405 224 545 276 nebux.

135 326 189 407 qui
204 337 275 387 sunt
288 323 468 405 negligentes
484 326 567 385 circa
581 342 631 384 res
649 322 694 384 ad
709 320 853 385 conscien-

136 421 210 482 tiam
223 431 401 497 spectantes.
423 421 462 478 Et
485 421 509 477 1.
525 414 616 478 'Cum
640 417 856 478 Sacerdotibus.
891 418 902 449 ·'

136 532 168 574 ιι.
180 515 228 592 49.
244 514 284 571 ll.
296 513 377 572 Cum
387 512 641 589 Confessariism.
651 512 702 576 51.
714 510 770 570 ttt.
785 513 858 573 Cum
907 520 912 525 '

135 602 480 669 catechismus.
495 607 574 679 Cum
589 606 761 684 Episcopis.
776 625 807 664 ιι.
816 603 860 666 55.

137 701 180 760 V.
194 698 276 761 Cum
291 700 487 761 monialibus.
505 719 536 758 n.
556 699 603 772 54.
622 701 654 757 V
652 701 679 758 1.
694 701 772 761 Cum
778 699 863 773 iudi-

135 790 244 868 cibus,
267 804 297 852 et
312 790 535 851 tabellionibus.
556 809 588 849 n.
610 788 647 850 55
668 799 697 849 et
721 790 773 850 56.
797 791 865 850 VH.

137 882 217 944 Cum
237 882 373 943 medicis.
388 901 419 941 ιι.
435 881 485 958 57.
509 883 548 941 Et
562 882 613 942 bic
627 874 786 959 speciaiim
803 882 866 959 agi·

136 989 187 1037 tur
199 977 238 1037 de
252 972 439 1056 obligatione
452 996 544 1051 quam
560 973 619 1051 ipsi
632 975 748 1032 babent
758 995 869 1034 curan·

135 1068 168 1127 di
189 1081 224 1128 ut
244 1066 361 1144 infirmi
385 1067 752 1144 consessionemsaciant.
779 1070 811 1125 V
810 1069 869 1126 ΠΙ.

138 1162 217 1221 Cum
230 1158 493 1240 pharmacopola.
511 1179 545 1218 n.
566 1160 616 1225 58.
634 1161 695 1218 ΙΧ.
719 1162 800 1220 Cum
816 1179 871 1220 ne·

133 1257 333 1335 gotiantilrus·
342 1276 373 1316 ιι.
385 1258 435 1336 59.
445 1261 486 1318 X.
496 1258 577 1316 Cum
588 1256 772 1317 sartoribus.
783 1275 815 1315 ιι.
823 1258 872 1318 bo.

134 1349 195 1406 XI.
207 1351 285 1407 Cum
292 1349 489 1424 proxeneta,
501 1361 528 1407 et
537 1346 765 1408 venditrict'bus.
779 1367 812 1408 n.
823 1351 872 1410 61.

135 1443 212 1503 ΧΠ.
228 1443 307 1502 Cum
331 1442 605 1501 barbitonsoribus.
631 1460 672 1512 ιι.
686 1442 735 1500 62.
759 1445 801 1503 Et
823 1445 872 1506 bic

135 1535 286 1611 sermanfit
298 1535 336 1595 de
353 1535 423 1596 viris
441 1539 541 1597 crines
560 1536 726 1598 mulierum
746 1561 874 1618 compo·

134 1630 286 1691 uentibus.

97 1724 170 1786 ea.
181 1724 237 1784 tv.
253 1722 416 1802 Quomodo
426 1741 571 1804 segetem
581 1723 688 1786 debeat
699 1728 873 1799 Confessa-

135 1818 200 1879 rius
213 1839 282 1878 cum
297 1818 333 1877 iis
346 1821 397 1894 qui
413 1832 483 1878 sunt
497 1818 529 1878 in
543 1820 693 1895 proxima
707 1824 874 1883 occasione

133 1912 293 1989 peccandi.
311 1929 342 1969 n.
357 1911 396 1972 63
412 1921 515 1990 etseq.

96 2003 170 2063 Ceu.
184 2003 222 2064 V.
240 2003 402 2082 Quomodo
414 2027 485 2065 cum
497 2004 662 2064 habitualis
676 2016 705 2063 et
717 2006 875 2068 recidivis.

136 2117 168 2157 ιι.
187 2117 225 2175 70
240 2108 269 2157 et
281 2116 341 2177 seq.
361 2099 401 2157 Et
409 2098 567 2175 signanter
581 2119 653 2158 cum
665 2097 877 2175 ordinandis,

136 2195 168 2254 in
183 2194 285 2267 aliquo
298 2192 365 2250 vitio
379 2189 555 2253 habitantis,
576 2189 630 2263 qui
640 2188 762 2271 initiant
771 2194 856 2253 susci
861 2226 874 2238 ·

134 2304 206 2359 perc
222 2283 368 2344 Ordinem
384 2282 528 2342 Sacrum.
557 2302 588 2340 ιι.
605 2282 643 2359 78
656 2291 685 2339 ot
701 2300 751 2361 79.

87 2377 170 2438 (ite.
185 2377 240 2438 Vl.
260 2376 420 2457 Quomodo
432 2398 503 2437 cum
515 2376 732 2437 Poenitentibus
744 2376 802 2453 qui
813 2379 875 2443 iut-¹

136 2473 206 2534 bent
215 2475 242 2532 1.
256 2471 393 2548 aliquam
404 2491 577 2544 censuram,
588 2484 642 2530 aut
652 2489 761 2530 casum
773 2492 875 2533 reser-

135 2583 250 2628 vatum.
262 2587 292 2625 ιι.
307 2568 360 2641 80,
376 2569 432 2639 δι,
448 2567 496 2629 δι.
514 2567 579 2624 Aut
591 2567 636 2625 ΙΙ.
650 2565 872 2639 obligationem

137 2663 347 2720 denuntiandi.
362 2680 391 2718 n.
404 2661 452 2720 83.
462 2659 528 2718 Aut
541 2661 603 2720 ΠΙ.
614 2660 874 2736 impedimentum

136 2751 329 2835 Matrimonii
342 2750 497 2812 dirimens·
523 2771 552 2810 11.
566 2754 606 2824 84
621 2759 649 2808 et
664 2750 713 2811 85.
735 2753 767 2809 V
766 2754 795 2812 ei
807 2755 872 2812 im-

133 2848 257 2928 pediens
272 2867 292 2906 a
311 2845 438 2923 petendo
455 2844 599 2905 debitum.
616 2863 645 2902 ιι.
661 2845 711 2905 86.
735 2847 798 2907 Hic
810 2849 874 2908 ad·

135 2953 281 3003 notantur
295 2938 423 2999 formulae
439 2939 481 2998 ad
495 2937 694 3012 obtinentiam
710 2939 873 3016 dispensa·

55 3087 56 3090 ,
135 3037 246 3097 tionem
260 3057 281 3097 a
294 3035 328 3095 S.
341 3034 570 3095 Poenitentiaria
580 3035 611 3094 in
623 3034 872 3112 impedimentis,

133 3131 209 3194 rotis
233 3144 261 3192 et
287 3128 572 3211 irregularitatibus.
598 3146 629 3188 n.
652 3130 702 3204 87.
730 3129 872 3191 Fosmula

122 3230 327 3312 exsequendi
341 3224 618 3308 dispensationem.
633 3225 735 3280 ιιιιῖι.
