1956 3614
164 228 218 288 150
376 242 484 287 naurs
500 245 706 291 coursssumr.

159 333 318 395 effundant.
344 334 476 395 Prodesse
493 356 610 416 quoque
623 339 726 417 poterit
745 355 814 397 eum
834 348 931 400 tenere

97 426 103 445 ¹
160 428 280 490 dicendo
301 449 309 487 ε
330 430 484 505 Discede,
504 431 681 504 moledicte,
703 430 735 490 in
749 429 932 514 infernum,

19 604 23 611 Ι
75 540 85 557 ¹
157 523 408 603 quondoquidem
427 527 470 584 eis
483 539 510 584 tc
523 525 663 602 perdere.
684 523 745 585 sed
758 525 837 587 scito
851 527 932 604 quod

155 630 209 678 tuo
218 635 311 694 poena
321 618 463 678 acriorin
477 618 597 694 inferno
607 618 663 679 erit
674 617 829 679 ntcmorio
840 619 932 693 nutus

155 710 299 788 temporis
312 751 321 784 ,
342 711 425 785 quod
441 715 523 771 Deus
535 712 589 770 tibi
602 712 757 791 largitur,
770 722 799 772 ct
811 724 845 772 tu
859 714 932 774 obu-

155 806 238 867 tcris.
253 805 291 864 At
303 802 483 884 postmodum
493 803 606 865 dulcem
622 814 747 864 resumat
759 823 932 867 sermonem.

156 899 189 961 Si
210 920 339 978 unquam
366 898 520 959 damnatus
543 903 600 976 jam
624 899 729 961 scalam
754 899 933 977 ascenderit,

156 1006 185 1055 et
205 1005 281 1074 petat
303 996 448 1055 confiteri:
464 995 572 1071 flagitet
587 994 703 1072 justitiae
717 996 886 1072 ministros,
905 1005 934 1056 ut

156 1090 322 1167 permittant
338 1090 363 1146 ei
375 1087 564 1161 descendere,
583 1087 765 1168 protestando
777 1089 857 1169 quod
871 1099 933 1151 tunc

157 1183 209 1261 ipsi
225 1191 358 1243 tenentur
369 1191 480 1260 tempus
493 1179 532 1240 illi
542 1181 696 1242 concedere
709 1192 741 1241 ut
754 1180 936 1245 confiteatur.

156 1275 218 1335 Hoc
240 1286 334 1336 tamen
355 1277 441 1336 currit
457 1296 508 1355 pro
522 1297 555 1335 eo
569 1278 619 1355 qui
640 1274 769 1336 nondum
790 1275 935 1337 confessus

158 1380 200 1431 est
216 1392 222 1441 ;
237 1391 304 1431 nam
320 1374 342 1429 si
354 1391 418 1433 reus
432 1374 490 1448 jam
506 1370 575 1431 alias
590 1357 735 1430 confessus
746 1370 935 1446 fuerit,‘tunc

159 1467 355 1525 confessarios
367 1474 481 1524 moneat
492 1484 579 1537 eum,
602 1474 634 1524 ut
649 1474 743 1524 actum
758 1466 936 1525 contritionis

159 1560 269 1634 eliciat,
284 1557 387 1619 et‘inde
396 1562 435 1619 sic
443 1562 593 1636 interroget
605 1580 612 1616 ε
626 1559 682 1618 Eia
693 1558 760 1636 ,fitt
772 1560 836 1633 mi,
850 1580 935 1622 nune

42 1696 54 1709 .
158 1673 258 1715 nonne
272 1653 402 1714 intendis
422 1652 564 1727 confiteri
583 1652 662 1710 mihi
679 1652 787 1710 omnic
806 1665 937 1728 peccato

160 1760 231 1820 tuo,
249 1758 278 1804 ct
296 1745 471 1821 proesertim
491 1743 544 1802 ilio
559 1762 630 1820 quoe
645 1743 722 1802 milri
736 1742 880 1802 dixisti?
901 1742 937 1801 Et

160 1856 224 1901 cnm
240 1855 304 1895 reus
322 1837 475 1906 annuerit,
492 1832 663 1893 levissimam
676 1837 701 1893 ei
713 1833 937 1895 satisfactionem

161 1935 289 2009 imponat
298 1935 310 1998 (
319 1952 347 1988 v.
356 1948 396 2007 gr.
408 1970 417 2002 ,
430 1937 461 1988 ut
474 1931 587 1987 invocet
595 1927 714 2003 Jesum,
729 1938 758 1988 et
766 1929 893 1991 Mariam
904 1938 938 2005 ),

161 2034 188 2083 et
206 2023 345 2084 absolvat.

109 2152 117 2167 ⁵
161 2167 187 2238 5·
203 2167 272 2226 VII.
297 2166 457 2248 Quomodo
475 2186 507 2225 se
521 2185 625 2244 gerere
641 2164 749 2224 debeat
770 2166 955 2242 Confessa-¹

281 2262 344 2321 rius
360 2282 429 2322 cum
444 2259 590 2336 infestatis
606 2281 626 2318 a
642 2258 785 2318 doemone
801 2256 815 2317 l
830 2270 833 2275 '

115 2406 119 2417 ’
206 2423 272 2466 ιιο.
291 2399 406 2471 Aureus
419 2399 523 2459 obsessi
538 2418 554 2458 a
569 2396 652 2457 malis
670 2397 815 2476 spiritibus
825 2410 940 2461 umn-

162 2510 209 2561 tur
227 2498 342 2577 spectris
354 2492 556 2566 horribilibus,
588 2500 638 2551 aut
656 2491 852 2572 corporalibus
869 2506 940 2557 cru·-

162 2594 292 2654 cialibus.
317 2587 531 2649 Horum'lacilis
549 2595 591 2645 est
611 2607 700 2648 cura:
720 2588 886 2650 insinuetur
898 2592 940 2651 eis

163 2689 270 2761 oratio,
288 2686 443 2765 patientia,
460 2691 489 2742 et
502 2701 586 2760 super
600 2683 696 2742 omnia
712 2678 820 2743 divinis
833 2682 952 2761 nolun-⁴

162 2786 213 2845 tati
228 2781 415 2842 uniformitas.
441 2777 638 2838 Confessarius
656 2796 717 2837 non
733 2780 771 2838 sit
785 2781 823 2838 ita
843 2781 938 2840 incre·

164 2877 267 2950 dulus,
289 2872 366 2954 quod
383 2870 489 2949 judicet
504 2891 602 2932 omnes
616 2870 669 2931 has
685 2873 872 2949 invasiones,
888 2881 939 2935 eut

163 2971 356 3032 infestationes
366 2966 528 3028 daemonum
543 2984 604 3026 esse
616 2965 781 3046 phantasias
792 3009 802 3040 ,
813 2976 866 3028 aut
877 2987 939 3029 cor·

164 3066 272 3144 porales
292 3064 470 3123 infirmitates
487 3082 494 3133 ;
513 3064 580 3141 qnia
598 3080 656 3121 non
671 3059 836 3139 negandum
844 3080 937 3122 *veros

163 3158 292 3218 obsessos
300 3158 385 3216 etiam
395 3157 468 3213 inter
478 3152 645 3215 christianos
655 3154 775 3216 existere
787 3174 796 3215 r
809 3153 936 3217 Ecclesia
