1956 3608
100 219 139 279 88
321 229 426 272 enims
443 226 646 273 conrnsston.

99 322 146 384 itta
159 326 187 382 in
202 342 257 403 qua
268 321 398 382 homiues
412 324 601 382 communiter
610 330 642 382 ut
654 316 809 401 plurimum
820 316 862 377 de·

101 417 211 479 ficiunt.
228 416 358 477 Proxima
374 425 470 475 autem
486 416 722 494 perocciditur,
746 432 796 472 seu
811 432 864 472 res·

100 511 229 589 pecora,
249 517 291 567 est
306 527 338 568 ea
357 526 422 589 qua
442 506 506 568 iicet
526 515 652 587 respectu
671 506 794 567 aliorum
810 523 864 564 non

100 602 137 660 sit
159 602 305 680 proxima,
334 608 430 660 tamen
454 608 580 679 respectu
598 595 718 675 aiicujus
740 599 863 675 proxima

99 702 162 766 est,
182 691 228 752 vel
244 693 310 772 qnia
324 691 371 753 hic
385 693 415 751 in
431 691 479 752 tali
493 693 636 753 occasione
651 690 815 769 [requenter
828 698 865 749 est

101 784 218 866 lapsus,
238 785 284 845 vei
303 789 370 866 quia
391 783 544 866 prudenter
565 783 657 843 timeri
676 791 770 861 potest
791 777 865 860 quod

100 878 211 941 labatur
227 889 339 962 propter
359 881 560 959 experientiam
580 877 721 955 cognitam
738 894 798 935 suae
812 874 865 935 ira·

98 973 224 1051 giiitatis.
249 971 375 1051 Quidam
397 972 459 1030 Aa.
474 971 577 1030 volunt
591 990 649 1031 non
666 989 728 1030 esse
743 973 865 1031 oocasio-

97 1088 164 1127 nem
180 1071 354 1148 proximam,
369 1069 423 1125 nisi
435 1086 499 1126 earn
510 1069 540 1125 in
551 1086 608 1145 qua
623 1065 710 1125 homo
724 1063 783 1125 fere
794 1084 866 1124 sem-

4 1178 6 1191 *
98 1181 170 1242 per,
190 1159 235 1220 vei
253 1160 447 1241 utplurimum
463 1159 592 1221 ceciderit
606 1182 614 1231 3
628 1157 678 1219 sed
690 1161 867 1220 communior

99 1264 128 1315 et
141 1259 233 1316 verior
246 1257 385 1316 sententia
397 1253 497 1327 docet,
516 1256 692 1316 occasionem
708 1257 865 1333 proximam

100 1369 160 1427 esse
176 1349 252 1409 iiiam
272 1353 302 1408 in
321 1370 377 1429 qun
396 1348 557 1428 frequenter
576 1350 640 1427 quis
663 1353 791 1428 peocavit
812 1355 867 1424 (ι).

100 1440 866 1526 Vemmtamenadvertendum‚quodsicutaliquando

4 1582 12 1591 .
99 1541 291 1616 occasioque
315 1546 440 1618 respectu
461 1536 499 1598 ad
519 1535 589 1597 alios
613 1541 803 1600 communiter
827 1549 867 1600 est

3 1640 9 1675 :
100 1634 227 1716 proxima
242 1675 252 1708 ‚
272 1641 399 1714 respectu
414 1652 482 1692 vero
498 1631 536 1693 ad
549 1631 673 1714 aliquem
688 1631 774 1694 vaide
789 1637 866 1714 pium

100 1738 128 1788 et
140 1737 255 1791 cautum
274 1735 364 1808 potest
381 1745 442 1785 esse
455 1735 567 1805 remota
588 1732 644 1800 (a).
669 1728 733 1801 lta,
753 1738 873 1804 eontra,

99 1822 231 1904 qoaedam
253 1823 412 1882 occasiones
424 1839 489 1898 quae
504 1831 628 1900 respectu
646 1820 682 1882 ad
698 1821 768 1905 alios
788 1844 867 1884 com-

45 1974 48 1979 .
98 1919 223 1978 mnniter
242 1934 290 1994 per
303 1934 334 1973 se
346 1923 439 1974 essent
457 1925 590 1988 remotae,
611 1914 686 1991 *sorte
704 1927 788 1977 emnt
801 1938 868 1997 pro-

2 2080 4 2085 4
97 2012 183 2071 ximae
197 2017 322 2089 respecto
341 2005 377 2067 ad
391 2006 516 2086 aliquem
530 2011 602 2087 qui,
630 2017 741 2089 propter
753 2014 867 2090 experi-

98 2113 228 2164 mentum
243 2102 425 2183 relapsuum,
441 2111 470 2160 et
484 2111 596 2180 propter
609 2122 727 2181 pravam
747 2103 868 2165 inclina·

2 2190 7 2235 .'
99 2201 206 2261 tionem
229 2200 260 2256 in
285 2193 431 2276 quoddam
454 2197 555 2255 vitium
581 2198 761 2277 <prasertim
782 2200 806 2258 si
827 2209 868 2258 est

99 2302 200 2373 turpe)
223 2293 313 2353 factos
328 2301 371 2352 est
383 2290 469 2352 valde
489 2289 591 2351 debilis
614 2301 642 2353 et
661 2291 752 2354 facitis
770 2293 807 2354 ad
825 2294 869 2357 la-

98 2386 226 2450 bendum
243 2409 251 2448 ε
268 2396 296 2448 et
312 2398 379 2449 tnnc
393 2389 445 2448 iste
461 2388 601 2448 tenebitur
613 2386 650 2448 ad
663 2386 867 2466 removendas,

99 2504 157 2544 non
170 2493 280 2544 tantum
292 2485 451 2544 occasiones
461 2482 622 2562 proximas,
642 2481 692 2542 sed
706 2485 793 2544 etiam
806 2483 868 2546 ilias

9 2572 12 2577 ’
99 2588 239 2656 remotas,
252 2596 316 2656 quae
328 2585 453 2655 respectu
465 2574 508 2635 sui
524 2577 658 2655 proxime
669 2575 809 2639 evadunt.
848 2592 850 2597 ’

2 2675 3 2697 ³
111 2688 114 2696 ’
139 2672 189 2745 64.
210 2671 372 2750 Ceterum,
394 2685 436 2734 est
455 2673 572 2756 quidem
593 2676 622 2734 in
637 2677 783 2735 occasione
803 2694 868 2754 pro-

100 2772 201 2846 xima,
229 2793 254 2831 1.
270 2769 319 2833 ille
338 2775 388 2854 qui
404 2777 506 2836 retinet
526 2777 561 2835 in
579 2778 688 2855 propria
709 2774 794 2835 domo
815 2775 868 2835 ati-

102 2886 190 2946 quam
213 2867 349 2929 feminam
370 2886 436 2929 cum
459 2888 516 2947 qua
533 2887 607 2949 sepe
624 2888 685 2929 rem
702 2868 813 2929 habuit.
838 2889 866 2930 a.

1 2972 3 2977 '
101 2957 153 3020 llte
166 2965 215 3042 qui
231 2962 391 3043 frequenter
406 2964 436 3024 in
455 2960 522 3024 iudo
541 2965 668 3046 prorupit
688 2964 718 3025 in
736 2963 867 3047 blasphe-

131 3133 178 3195 (ι).
189 3131 244 3188 tib.
257 3135 290 3196 6,
309 3147 385 3187 num.
398 3139 456 3201 4⁵²·
557 3138 598 3201 (ι)
612 3133 722 3190 ibidem.
777 3198 783 3206 ,
