1956 3608
231 195 265 269 §-
280 210 324 254 rv.
346 206 433 255 cruca
450 209 563 261 rumore
578 207 739 256 orreorum.
836 188 872 255 31

107 299 159 373 troo
174 301 374 363 confessarius
385 299 517 367 advertat
529 320 568 363 ne
579 300 684 363 umet
703 297 739 360 ‹le
757 319 879 363 numero

105 395 243 472 judicium
255 406 386 466 oertums
402 405 483 461 notet
496 394 686 476 truquerttiam
704 397 735 455 in
755 415 877 473 gernere,

105 502 132 553 et
154 493 186 555 in
210 491 331 553 oonfuso
352 488 490 568 judicium
512 489 620 563 facim,
638 487 879 570 apprehendendo

105 593 215 665 peccata
231 593 373 665 quotquot
385 593 453 645 sunt
467 602 562 648 coram
582 583 655 644 Deo
685 582 782 663 Aliqui
802 581 880 645 Doe-

104 688 178 745 tores
192 679 315 761 dicunt,
336 677 504 760 quodcirca
524 688 636 759 peccata
659 681 769 740 interna
790 676 880 739 habi·

103 781 271 848 tortorum,
290 782 323 837 ut
340 781 411 837 aunt
430 769 640 852 peccauerit,
657 771 876 837 delectationum

103 886 259 952 pravarum
283 878 312 932 ot
336 864 566 939 &titulorum
587 864 692 931 suffieit
711 865 880 947 plerumque

101 959 324 1038 interrogante
339 968 466 1040 ternpore
487 980 537 1039 pet
557 958 634 1039 quot
650 957 766 1022 durarit
786 961 879 1022 malus

101 1055 241 1124 habitus3
266 1053 314 1114 sed
338 1053 392 1116 hoo
414 1053 486 1114 mihi
509 1055 705 1119 omniuunott
719 1055 878 1131 satiefmit.

102 1150 167 1228 quia
185 1156 348 1226 potestesse
367 1144 444 1226 quod
465 1145 568 1225 aliquis
588 1149 679 1223 magis
696 1148 732 1206 sit
749 1149 877 1209 intentus

107 1241 144 1317 arl
159 1252 275 1302 externa
292 1244 401 1317 negotia
416 1284 425 1314 ,
440 1249 490 1300 aut
505 1250 631 1301 moretur
644 1242 693 1300 ubi
712 1241 766 1299 sibi
781 1262 879 1301 occur-

102 1346 164 1397 rent
173 1338 253 1416 pauci
260 1356 319 1395 ores
328 1338 487 1397 occasiones
493 1337 695 1411 cogitationum
706 1356 858 1416 pravarum
869 1357 876 1406 ;

101 1430 173 1493 alius
196 1433 250 1490 erit
272 1432 360 1507 magis
384 1429 441 1490 alio
465 1430 555 1489 animi
579 1433 708 1510 passione
727 1429 870 1492 allectus:

100 1524 223 1604 ideoque
239 1544 310 1604 opus
322 1533 365 1584 est
380 1527 610 1602 interrogationes
626 1524 770 1602 generales
787 1523 874 1585 adhi-

101 1619 183 1692 bere,
200 1617 235 1678 de
246 1621 357 1699 propria
370 1617 558 1699 applicatione
571 1661 581 1692 ‚
600 1617 722 1692 deloco,
736 1617 771 1676 de
783 1621 871 1678 animi

96 1712 303 1788 inclinatione,
322 1721 400 1787 eto,
418 1722 451 1774 ut
470 1712 573 1774 formet
596 1711 735 1791 judicium
761 1714 877 1788 majoris

99 1807 144 1865 vel
160 1809 280 1866 minoris
293 1807 458 1886 frequentior
475 1816 591 1868 actuum
608 1809 795 1866 internorum.
808 1805 876 1866 Cae·

100 1906 190 1958 terum
214 1907 279 1977 post
300 1896 373 1956 eluas
394 1897 440 1957 vel
462 1907 517 1957 tres
538 1900 791 1974 interrogationes,
814 1917 874 1957 non

99 1991 184 2052 debet
204 1996 269 2068 angi
293 1992 515 2067 Confessarius‚
544 1996 566 2052 si
588 1997 613 2052 ei
635 1991 774 2069 judicium
797 1992 874 2074 quod

99 2085 194 2156 facit,
221 2084 335 2145 videtur
352 2107 413 2146 esse
428 2089 515 2146 nimis
531 2087 682 2148 confusum
703 2108 711 2155 ς
746 2104 815 2144 nam
840 2104 876 2145 ex

99 2180 278 2238 conscientiis
297 2179 449 2258 implicatis
468 2190 496 2240 et
513 2180 639 2241 confusis
663 2177 806 2239 moraliter
820 2180 876 2238 im·
908 2249 910 2257 Ι

100 2269 232 2348 possibile
260 2281 302 2329 est
336 2269 474 2345 maiorem
501 2271 657 2331 claritatem
686 2291 807 2350 sperare.
833 2271 874 2330 V.

100 2363 220 2442 Oportet
234 2360 464 2421 animadvertere
479 2363 575 2441 quod,
602 2365 665 2424 licet
685 2365 874 2424 confessiones

99 2453 242 2530 generales
256 2456 313 2512 sint
328 2451 505 2527 utilissimae,
522 2453 776 2513 nihilominusnon
791 2453 875 2516 debet

100 2545 301 2606 Confessariuo
312 2562 373 2605 esee
387 2545 471 2606 valde
486 2549 624 2624 rigorosus
637 2547 674 2607 ad
689 2545 872 2610 efficiendum

87 2650 130 2703 .ut
147 2639 338 2701 confessiones
358 2641 416 2716 iam
431 2640 516 2704 factae
532 2651 696 2722 repetantur
713 2649 770 2716 (r).
786 2644 872 2704 Unde

100 2735 138 2793 ait
160 2731 198 2792 P.
213 2733 338 2814 Segncri
357 2752 415 2793 non
433 2753 494 2794 esse
507 2735 707 2814 obligationem
727 2736 871 2816 repetendi

100 2825 311 2900 confessiones,
336 2829 401 2889 nisi
416 2829 447 2887 r'n
460 2850 536 2890 casu
554 2832 725 2906 manifestor
739 2832 872 2890 necessi·

101 2919 189 2995 totis,
207 2933 234 2981 et
247 2922 279 2980 in
293 2941 353 3000 quo
363 2941 451 2984 error
467 2924 505 2982 sit
517 2923 647 2985 evidens.
667 2923 768 3000 Neque
783 2921 872 3002 relap·

136 3120 172 3179 (ι)
208 3112 291 3166 Ltuu
301 3153 308 3178 ,
328 3129 403 3164 num·
421 3121 478 3166 tos.

688 3200 711 3257 Β
733 3202 751 3271 l
