1956 3608
198 186 225 259 §.
241 205 286 248 rv.
304 201 393 245 crnct
406 204 522 247 ruurcrs
538 204 698 249 orrrcrurr.
793 196 835 274 47

59 293 242 374 Neapolitani
256 298 352 354 existit
366 315 374 366 ;
389 304 418 353 et
431 314 491 355 uno
502 295 633 375 exemplo
645 295 763 357 fuerunt
776 317 839 358 rer-

59 406 152 468 ponsa
176 389 274 448 omnia
298 407 368 449 meae
390 392 536 448 sententiaa
550 389 717 450 conformia.
739 394 780 451 rte
806 393 838 453 P.

59 480 240 541 Sabbatinus
259 486 271 550 (
284 491 352 541 tune
366 485 501 561 temporis
513 484 576 562 pius
587 485 730 561 operarius
740 528 749 558 ,
761 504 839 545 nunc

60 572 245 659 dignissimus
265 575 378 654 Aquilae
399 574 558 650 Praelotus)
583 575 652 635 mihi
670 577 838 658 respondit,

61 680 177 731 cunctos
200 672 260 750 pios
282 671 445 749 operarios,
468 679 527 729 tarn
550 681 725 749 praesentes,
749 693 837 752 quam

63 765 218 844 antiquos,
235 761 314 822 idern
335 762 518 822 'uniformiter
538 766 669 824 sensisse.
695 766 838 845 Insuper,

62 874 125 917 eum
145 854 307 936 ⁸quamdam
329 855 478 933 epistolam
501 854 535 912 de
564 854 619 915 lroc
641 867 746 934 puncto
764 861 840 937 typis

62 947 209 1024 dederim,
231 946 370 1008 adversus
390 966 477 1027 quam
496 946 679 1027 postmodum
703 953 841 1027 anonymi

59 1042 181 1125 epistola
203 1040 328 1122 prodiit,
349 1040 387 1102 de
410 1060 569 1123 quasopra
585 1046 761 1103 mentionem
777 1042 838 1122 jam

60 1138 141 1213 leci,
162 1138 256 1219 accepi
269 1146 409 1217 tauquam
427 1148 534 1199 certum
549 1181 558 1212 ‚
582 1148 734 1219 utramque
748 1142 840 1220 scrip-

62 1236 156 1293 turam
169 1250 186 1291 a
199 1230 309 1291 Nuntio
325 1235 520 1291 transmissam
532 1230 623 1290 fuisse
636 1231 672 1291 ad
688 1234 726 1290 tt.
736 1232 790 1292 SS.
805 1232 839 1291 P.

10 1336 12 1393 ζ
61 1323 250 1385 Benedictn‘ro
265 1324 363 1398 XIV,
385 1329 434 1404 qui
450 1335 602 1404 postquam
616 1344 714 1385 curam
731 1323 840 1386 dederit
878 1366 883 1381 .

45 1405 285 1481 'controversiam
301 1418 471 1480 discutiendi
489 1420 526 1479 u.
540 1418 573 1478 P.
584 1419 623 1478 D.
635 1419 756 1482 Thomae
768 1420 840 1480 Ser·
876 1458 880 1463 -

63 1517 107 1592 giu
122 1517 169 1594 pio
179 1516 327 1594 operario,
342 1512 479 1574 sofflari
489 1514 591 1574 Romae
601 1515 752 1574 consultori
769 1516 840 1594 (qui

46 1626 141 1671 nuuc
163 1626 249 1669 suum
273 1610 344 1669 obi!
364 1607 487 1683 diem),
511 1611 571 1688 ipse
600 1611 704 1688 pariter
726 1628 839 1669 mecum

62 1706 175 1776 sensit,
207 1702 438 1764 maledictionem
467 1717 660 1762 mortuorum
690 1722 748 1761 non
780 1721 841 1760 esse

62 1796 283 1879 blasphemiam.
304 1798 343 1856 Et
359 1797 397 1856 ab
419 1796 474 1856 alio
498 1796 530 1854 P.
551 1799 597 1875 pio
621 1799 748 1875 operario
769 1794 840 1856 milri

63 1888 242 1953 affirmatum
249 1888 360 1951 deinde
374 1889 451 1964 suit,
476 1886 552 1968 quod
568 1888 643 1948 idem
656 1892 746 1949 etiam
763 1888 841 1948 Pon-

63 1982 152 2057 tifex,
172 1985 284 2061 cognitu
300 1980 333 2042 P.
354 1979 445 2057 Sergii
460 1982 620 2053 sententia,
639 1980 763 2040 ostendit
774 1999 839 2040 earn

63 2075 233 2157 approbare.

103 2170 153 2231 30.
175 2166 331 2227 Dubitatur
356 2166 386 2227 5.
411 2164 459 2225 An
478 2163 646 2225 maledicere
664 2163 784 2224 mundo
804 2166 841 2225 sit

64 2258 265 2343 blasphemia?
278 2261 384 2320 Auctor
397 2261 487 2341 ipsius
497 2262 691 2320 instructionis
704 2261 840 2335 negavit,

65 2354 115 2416 sed
136 2372 188 2432 ego
210 2357 383 2414 contrarium
403 2352 515 2416 ostendi
538 2358 595 2424 (ι’)
617 2375 625 2424 ;
650 2352 840 2412 nihilominus

65 2447 142 2520 dixi,
161 2445 242 2528 quod
256 2448 280 2507 si
294 2466 347 2527 pro
359 2446 471 2508 mundo
489 2445 692 2523 intelligeretur
714 2444 840 2505 mundus

66 2545 116 2621 qui
137 2538 203 2601 Deo
219 2538 406 2625 adimetur,
426 2552 502 2603 certe
516 2558 574 2600 non
592 2549 665 2600 esset
683 2550 841 2619 peccatum.

67 2634 125 2697 Sed
139 2637 207 2716 quia
220 2624 412 2695 verisimiliter
430 2633 516 2695 rudes
532 2654 592 2695 non
608 2638 647 2696 sic
665 2634 840 2709 intendunt,

67 2726 117 2789 sed
132 2731 228 2811 potius
241 2736 273 2787 ut
287 2737 412 2789 creatum
425 2744 443 2788 a
459 2726 542 2805 Deo,
562 2739 590 2789 et
599 2728 636 2788 de
646 2728 699 2789 hoc
708 2750 743 2788 se
756 2750 841 2789 aceu-

69 2832 134 2885 sant
152 2840 218 2884 cum
238 2820 493 2901 magnomonte,
515 2821 579 2884 dico
594 2822 769 2904 probabilius
793 2844 841 2883 ac-

70 2914 230 2998 cipiendum
249 2935 310 2977 esse
333 2937 383 2997 pro
403 2916 487 2998 culpa
505 2919 595 2995 gravi.
613 2919 643 2983 6.
670 2915 839 2976 Maledicere

18 3127 21 3133 ·
103 3100 140 3161 (r)
158 3098 232 3160 us,
249 3094 520 3164 n.129·v.8ed.hic.
