1956 3608
236 221 261 298 S.
276 236 321 280 rr.
341 230 429 278 cruet
440 236 554 279 rumore
568 237 728 282 orrrcrurt.
828 222 869 288 63

98 324 322 394 extraordinaria
337 323 544 386 emendationis
562 327 694 388 exhibeat
710 331 755 397 (r)
769 347 778 397 ;
794 328 871 391 bona

101 424 180 481 enirn
201 431 268 481 sunt
292 419 412 500 quidam
435 423 574 497 sanguis,
595 424 646 501 qui
668 442 684 481 a
707 423 789 481 venis
812 441 872 483 non

101 517 231 591 eruitur,
247 516 304 575 nisi
320 534 387 575 curn
406 533 508 590 magna
525 517 555 573 vi
570 523 598 574 et
615 513 720 576 dolore.
742 514 827 576 Unde
848 516 872 574 si

101 613 242 673 restitutio
254 628 314 671 non
330 609 364 671 fit
380 620 448 670 aute
462 609 693 683 absolutionem,
715 631 780 671 cunr
796 607 872 671 diffi-

99 704 206 766 cultate
217 707 342 765 maxima
355 703 405 762 fiet
416 712 531 782 postea,
546 712 577 762 ut
588 705 759 782 experientia
772 702 873 765 admo·

101 797 173 858 durn
185 796 329 860 docemur.
345 797 440 856 Potest
453 798 542 876 excipi
559 805 670 855 tanturn
685 795 789 875 aliquis
803 796 873 857 Ρω-

99 896 221 968 nitens,
242 895 293 971 qui
307 894 345 951 ita
358 889 529 950 meticulosae
543 891 720 951 conscientiae
732 900 823 964 esset,
841 900 874 953 ut

100 987 139 1046 de
147 1006 182 1045 eo
194 984 292 1045 nullus
302 982 452 1045 dubitandi
464 982 539 1044 locus
549 992 714 1063 superesset.
725 983 793 1043 Dixi
801 1005 874 1045 curn

98 1081 206 1158 aliquo
224 1079 436 1150 incommodo,
457 1079 523 1156 quia
535 1079 558 1137 si
575 1077 622 1137 ille
634 1076 807 1138 restituendo
821 1096 874 1158 par

99 1195 160 1236 non
173 1184 262 1247 esset,
278 1177 347 1253 quin
362 1176 393 1232 irr
408 1192 523 1250 gravem
534 1175 731 1233 necessitatem
742 1192 773 1232 se
785 1177 876 1251 conji-

99 1279 198 1341 ceret,
219 1265 248 1326 id
265 1277 309 1326 est
322 1268 393 1347 quin
408 1287 425 1325 a
441 1274 604 1339 statuero,
628 1285 714 1345 quern
733 1268 808 1343 juste
822 1288 875 1329 ac-

100 1363 239 1442 quisivit,
252 1358 381 1432 decidat,
398 1369 464 1419 tunc
474 1357 521 1418 ille
532 1368 622 1439 potest
634 1356 745 1419 differre
760 1363 874 1422 restitu-

101 1460 209 1517 tionem
228 1498 237 1529 ,
256 1452 413 1514 dummodo
426 1451 546 1513 creditor
559 1473 618 1514 non
632 1456 668 1513 sit
682 1456 712 1514 in
728 1457 808 1532 gravi
824 1475 876 1515 ne·

100 1553 240 1613 cessitate.
261 1550 340 1622 lrno,
361 1547 423 1607 licet
441 1545 561 1607 creditor
579 1549 615 1607 sit
635 1551 665 1606 in
682 1551 760 1623 gravi
774 1568 878 1609 neces-

101 1647 199 1716 sitate,
217 1640 398 1724 probabiliter
415 1659 471 1700 nec·
487 1641 572 1699 etiarn
590 1650 701 1699 terretur
714 1640 823 1701 debitor
838 1642 876 1702 ad

101 1739 330 1810 restitutionemr
346 1755 412 1796 curn
427 1737 486 1815 inre
501 1735 603 1814 pariter
617 1736 645 1792 in
663 1737 742 1811 gravi
756 1739 877 1796 uecessi-

102 1841 162 1894 tate
177 1833 331 1911 reperitur‚
345 1838 372 1887 et
384 1848 433 1907 per
443 1829 648 1887 restitutionem
659 1827 877 1888 constituendus

102 1933 177 1986 esset
197 1926 227 1982 iu
254 1922 418 1981 necessitate
436 1923 517 1999 qrrasi
540 1930 675 1980 extrema.
699 1921 760 1981 Hoc
780 1932 877 1982 tannen

101 2017 269 2094 intelligitur
284 2013 369 2075 ruodo
384 2032 426 2073 res
441 2013 535 2074 ablata
547 2033 604 2072 non
618 2024 707 2074 exstet
718 2017 749 2074 in
760 2019 852 2095 specie
866 2036 876 2086 ς

103 2121 134 2172 el
148 2109 233 2171 ruodo
246 2108 366 2185 creditor
381 2110 520 2189 praecipue
531 2126 588 2166 non
605 2105 734 2167 redactus
745 2107 829 2169 luerit
841 2112 896 2169 ob'

66 2186 74 2199 ⁸
102 2203 175 2266 illud
198 2203 305 2264 lurtum
331 2205 361 2261 in
383 2222 446 2261 eaur
466 2220 580 2279 gravem
603 2203 799 2262 necessitatem
821 2209 876 2273 (a).

104 2297 229 2358 (iuretur
244 2295 344 2356 saltern
360 2304 450 2366 tunc,
469 2313 573 2373 nernpe
586 2315 652 2356 curn
668 2305 757 2374 potest
772 2295 877 2357 differri

103 2395 266 2462 restitutio,
286 2383 405 2446 suadere
415 2385 583 2455 Poenitenti,
597 2397 630 2446 ut
640 2386 794 2446 identidern
807 2410 877 2467 pau·

104 2487 187 2546 latim
203 2471 351 2554 restituat,
371 2477 557 2557 autaliquem
572 2478 695 2539 laborem
712 2480 813 2555 faciat,
828 2490 878 2543 aut

105 2575 224 2657 aliquod
238 2574 345 2635 donutn
358 2572 513 2655 aliquando
527 2573 656 2634 creditori
670 2571 778 2635 oderat.
873 2606 877 2617 .

148 2673 198 2745 44.
215 2667 350 2728 Possibile
359 2667 406 2730 hic
416 2689 473 2728 non
486 2677 528 2727 est
541 2688 639 2729 ornnes
650 2667 790 2731 doctrinas
804 2672 876 2732 scitu
969 2708 972 2715 -

108 2767 180 2827 circa
202 2762 277 2822 hanc
305 2764 453 2822 materiam
478 2765 661 2822 restitutionis
678 2767 876 2836 necessarias,

109 2877 174 2938 quae
188 2865 230 2917 est
244 2858 283 2915 ita
299 2855 354 2915 late
371 2865 469 2935 patens
484 2864 512 2915 et
532 2856 687 2935 implicita,
708 2858 809 2915 iterum
832 2873 878 2912 re-

109 2962 213 3033 petere.
227 2951 403 3010 Observetur
413 2959 556 3029 propterea
566 2947 644 3027 quod
654 2950 743 3006 sosius
754 2951 784 3006 in
796 2967 879 3026 opere

109 3054 205 3107 actunr
217 3051 269 3102 rst.
284 3039 526 3101 solummodohic
537 3039 615 3099 lubet
630 3060 716 3119 pauca
727 3039 877 3119 adnotare,

146 3151 185 3212 (ι)
201 3147 230 3198 L,
242 3145 275 3211 3,
291 3159 319 3196 n.
332 3144 391 3210 tta·
528 3146 568 3210 (a)
584 3143 747 3215 tluurqot.
