1956 3608
57 33 137 128 p„

202 217 229 292 §.
242 236 275 276 rr.
289 234 330 276 un
344 229 499 277 autumna
509 230 704 291 concurrum,
718 224 772 276 etc.
818 220 871 297 193

97 331 239 389 unionem
260 328 383 389 activam
409 346 492 406 quae,
515 335 549 387 ut
572 324 719 401 diximus,
744 333 786 385 est
807 325 877 383 unio

97 422 257 483 voluntatis
267 432 370 483 nostra
384 442 450 482 cum
461 418 559 481 divina
571 420 731 481 voluntate.
745 419 877 481 Director

99 518 187 594 igitur
201 516 318 597 quando
332 519 357 576 ei
373 517 522 578 occurrerit
539 517 635 575 anima
650 536 715 576 cum
731 514 777 575 his
793 534 877 577 oom-

100 612 345 671 municationibus
363 608 629 687 contemplationis,
657 618 708 667 aut
730 609 880 687 caliginis,

102 705 275 763 autunionis
285 745 294 775 ,
305 724 365 762 non
374 701 458 761 debet
465 704 491 760 ei
500 703 645 781 imponere
654 709 687 759 ut
695 719 743 759 eas
750 700 878 777 rejiciat,

102 795 154 857 sed
167 805 199 855 ul
214 796 361 856 humililer
378 807 407 854 et.
423 816 490 855 cum
512 796 666 869 gratiarum
681 796 794 853 actione
809 796 881 853 rcci-

103 891 170 969 piat.
185 890 306 968 Semper
316 908 385 947 vero
396 897 492 948 utatur
502 888 597 947 verbis
607 906 672 966 quae
682 888 810 945 animam
821 905 881 947 non

103 986 224 1043 omnino
236 1000 363 1043 securam
374 979 522 1055 efficiant,
537 980 586 1041 sed
599 980 763 1060 relinquant
773 999 882 1059 quern-

104 1072 172 1133 dam
188 1075 316 1133 timorem
332 1075 382 1154 qui
397 1093 460 1133 eam
475 1075 527 1133 etsi
544 1092 602 1133 non
616 1073 783 1147 conturbet,
803 1071 880 1131 deti-

103 1179 171 1229 neat
186 1189 254 1229 vero
268 1172 299 1228 in
313 1169 497 1243 humilitate,
522 1180 550 1229 et
563 1172 600 1229 ab
618 1172 752 1228 omnibus
773 1168 883 1229 aliena·

105 1267 193 1324 lione.
207 1264 322 1321 Gratias
333 1272 430 1321 autern
441 1260 632 1339 quarumdam
641 1264 805 1321 notitiarum
818 1260 882 1322 dis-

104 1361 260 1419 tinctarum
276 1352 498 1434 quae'habentur
511 1359 651 1436 perviam
667 1358 832 1432 visionum,
855 1368 883 1417 et

104 1450 150 1511 ltis
165 1449 324 1523 similium,
339 1460 371 1510 ut
381 1450 669 1530 superiusdiximus,
689 1452 786 1527 jubeat
801 1452 882 1512 Con-

105 1546 240 1605 lessarius
250 1547 479 1605 constantissime
492 1549 634 1616 recusari,
658 1565 769 1624 semper
784 1557 880 1607 tamen

105 1639 137 1697 in
151 1639 253 1716 spiritu
267 1636 437 1695 humilitatis
460 1639 511 1703 (et
532 1636 595 1693 sine
614 1635 674 1693 ullo
697 1645 887 1716 contemptu,

106 1740 139 1791 ut
152 1730 296 1809 expuendi
310 1732 340 1789 in
354 1730 473 1805 faciem,
489 1726 643 1801 irridendi,
658 1738 709 1789 etc.
729 1727 807 1808 quod
823 1750 883 1789 non

106 1824 193 1898 licet,
210 1834 242 1884 ut
253 1824 349 1903 plures
363 1831 513 1895 asserunt)
527 1844 535 1891 ;
551 1833 578 1882 et
592 1822 775 1902 protestando
787 1845 883 1885 coram

106 1918 190 1992 Deo,
208 1937 238 1977 se
251 1917 324 1977 velle
339 1920 365 1975 ei
382 1919 412 1976 in
427 1937 497 1996 pura
514 1916 571 1975 lide
589 1920 704 1977 servire.
719 1919 862 1979 Caeterum
871 1965 882 1995 ,

106 2016 203 2094 inquit
214 2013 246 2070 S.
257 2011 395 2073 Therasia
407 2016 452 2083 (r)
465 2009 542 2090 quod
550 2015 775 2091 quotiescunque
785 2017 883 2075 anima

106 2111 196 2170 sentit
206 2124 236 2165 se
247 2108 372 2169 suaviter
381 2106 497 2167 accendi
508 2105 545 2165 ad
556 2126 683 2167 amorem
694 2127 757 2185 erga
767 2109 882 2182 Deum,

106 2202 214 2264 ltabere
236 2200 320 2262 debet
342 2205 629 2263 communicationem
649 2212 788 2284 tanquam
804 2202 885 2265 divi-

107 2317 198 2372 nam,
216 2317 274 2357 non
290 2295 355 2355 ideo
371 2306 405 2354 ut
421 2296 516 2356 credat
528 2316 559 2355 se
572 2298 635 2357 aliis
650 2299 794 2361 meliorem
808 2346 817 2376 ,
833 2299 883 2360 sed

106 2390 143 2454 ul
157 2394 291 2451 animum
306 2389 392 2450 saciat
405 2387 442 2449 ad
463 2388 611 2469 perfectius
628 2411 724 2451 coram
744 2394 807 2452 Deo
821 2414 887 2453 am-

107 2485 269 2548 bulandum
283 2506 292 2555 ς
307 2488 345 2545 ita
358 2486 434 2545 enirn
448 2481 558 2561 agendo
570 2483 649 2541 Deus
663 2481 766 2545 efficiet
780 2495 811 2546 ut
822 2485 887 2550 dae-

107 2602 194 2655 mon,
208 2584 322 2641 etiamsi
339 2583 392 2640 iste
404 2579 531 2661 aliquam
546 2590 655 2659 partem
668 2578 805 2659 haberet,
823 2587 885 2648 vic-

108 2688 156 2739 tus
169 2686 335 2748 remaneat,
349 2685 378 2735 et
388 2678 446 2734 suis
457 2678 525 2756 ipsis
536 2679 622 2736 armis
637 2678 690 2736 sibi
705 2677 882 2743 damnificet.

155 2777 221 2847 ¹44·
232 2771 290 2832 Sed
300 2770 513 2833 concludamus.
523 2771 652 2834 Director
660 2793 739 2851 ergo,
758 2778 885 2852 r.impo⁸

108 2883 162 2933 nat
184 2870 308 2944 animae,
330 2878 363 2928 ut
386 2872 514 2949 superius
536 2865 684 2942 diximus,
711 2879 742 2927 ut
764 2868 886 2928 fideliter

107 2973 223 3028 enarret
240 2983 338 3023 omnes
358 2965 629 3026 communicationes
650 2981 721 3039 quas
745 2961 831 3021 habet
852 2965 883 3022 in

108 3064 261 3134 oratione,
282 3058 391 3119 nnllam
409 3068 504 3117 tamen
528 3074 574 3114 eas
595 3052 701 3115 sciendi
718 3055 813 3133 gulam
830 3055 883 3117 dc-

141 3174 180 3235 (r)
199 3170 261 3220 Vita
273 3182 296 3216 c.
310 3173 355 3229 15,
368 3166 490 3216 etlllans.
505 3164 556 3226 ttt,
568 3178 591 3214 c.
604 3179 631 3228 q.
762 3231 788 3289 x
