1956 3608
246 196 273 269 §.
284 214 305 256 1.
319 208 443 255 nonunt
452 207 493 255 ro
505 211 733 256 conrasarmos.
812 200 869 260 23r

98 304 167 365 ilias
183 306 352 384 priusquam
367 311 450 364 antea
471 301 638 365 confundet.
652 304 710 365 net
723 304 780 364 iilis
794 322 875 380 regu·

100 399 146 459 las
159 397 299 476 generales
309 395 348 458 ad
359 394 447 458 dubia
460 416 512 461 sna
526 397 718 480 deponenda,
734 395 876 479 quemad-

101 493 221 554 modum
239 495 344 573 cuique
362 493 455 568 magis
474 491 607 573 expediet
626 515 634 553 s
664 494 718 554 Ex.
744 512 812 571 gc,
835 492 876 552 itti

101 589 278 669 quisemper
292 586 407 648 dubitat
416 584 452 646 de
461 589 609 665 transactis
619 587 876 662 confessionibus,

101 681 200 757 jubeat
213 679 338 759 amplius
351 696 411 739 non
428 677 578 753 confiteri,
598 678 657 743 nid
670 691 783 758 peccata
804 679 852 741 itta
866 722 877 754 ,

103 795 168 855 quae
180 785 255 836 certo
269 775 341 836 sciat
355 773 442 833 fuisse
455 782 568 853 peccata
585 771 734 848 mortalia,
755 784 785 834 et
801 785 878 836 certo

100 871 189 929 etiarn
204 871 276 930 sciat
288 886 440 946 nunquam
452 886 482 926 se
491 865 652 928 consessum
666 885 738 927 esse.
754 867 791 927 Et
805 870 876 929 circa

100 962 157 1024 boc
179 960 377 1039 Confessarius
393 963 622 1022 constantissime
636 979 666 1021 se
681 969 780 1039 gerat,
802 979 878 1021 nun-

101 1075 193 1137 quam
207 1053 372 1130 audiendo,
392 1057 489 1117 sinon
504 1053 641 1116 obediat:
656 1056 680 1114 si
701 1056 779 1117 enirn
795 1054 877 1115 Con·

101 1151 237 1211 iessarius
256 1148 413 1229 aliquando
430 1149 535 1223 cedat,
562 1149 708 1210 Poeuitens
724 1168 877 1228 nunqnam

100 1246 259 1306 curabitur.
275 1241 405 1320 Quidam
420 1242 594 1303 Confessarii
605 1244 763 1303 maximam
776 1241 879 1316 hujus-

102 1337 184 1399 modi
208 1336 361 1397 animabus
385 1346 540 1397 causantur
562 1337 738 1417 perniciem,
760 1355 809 1398 eas
820 1356 879 1398 au·

102 1427 221 1490 diendo.
235 1428 328 1490 Aiicni
341 1431 527 1491 vemtimenti
541 1426 668 1507 singulas
677 1447 744 1488 snas
754 1431 879 1491 actiones

101 1543 164 1584 esse
186 1534 323 1602 peccata,
350 1526 479 1602 imponat
506 1525 620 1585 vincere
644 1524 830 1604 scrupulum,
851 1535 880 1585 et

103 1619 191 1679 libere
204 1619 313 1697 operari
329 1617 440 1695 quoties
459 1634 520 1675 non
541 1612 672 1675 advertat
692 1628 800 1677 certum
818 1638 879 1678 esse

100 1721 262 1794 peccatum.
332 1769 334 1773 ,
899 1704 905 1724 “

147 1828 213 1889 ¹92·
233 1804 307 1866 XX.
327 1806 363 1864 ln
378 1801 531 1883 seligendis
546 1803 746 1884 opinionibus,
763 1803 881 1884 quando

103 1903 197 1979 agitur
210 1891 246 1959 de
259 1893 456 1958 subtrahendo
471 1895 660 1956 Poenitentea
675 1895 800 1976 periculo
815 1916 882 1976 pec·

102 1995 160 2055 cati
182 1988 335 2065 formalis,
365 1987 563 2049 confessarius
581 2007 641 2048 non
659 2008 722 2048 raro
736 1990 778 2048 uti
796 1986 881 2050 debet

103 2083 541 2168 opinionibus‘benignioribus,
570 2089 712 2161 qnantum
727 2081 880 2143 christiana

104 2179 254 2262 prudentia
276 2180 437 2260 permittit„
451 2176 578 2256 Quando
592 2195 661 2236 vero
674 2174 769 2256 aliqua
786 2179 882 2256 opinio
934 2257 936 2262 Ι

104 2274 199 2337 reddit
210 2277 300 2352 magis
313 2277 477 2354 proximum
486 2272 643 2352 periculum
658 2274 765 2353 peccati
777 2271 882 2333 forma·

106 2371 161 2445 lis,
186 2379 254 2430 tunc
268 2365 521 2428 omnino'suadere
535 2366 621 2427 debet
635 2369 798 2444 opinionem
815 2369 883 2444 rigi·

107 2465 226 2526 diorem.
239 2462 317 2526 Vide
331 2461 405 2524 dicta
417 2481 506 2521 num.
520 2460 569 2532 64.
583 2459 656 2518 Dico
666 2456 804 2533 suadere,
815 2462 882 2539 quia

107 2559 224 2640 qnando
239 2561 335 2640 opinio
352 2566 395 2618 est
413 2554 589 2638 probabilis,
607 2562 636 2613 et
653 2552 800 2614 Poenitens
817 2554 884 2616 vult

109 2677 172 2718 earn
181 2658 261 2734 sequi
271 2696 280 2728 ,
291 2673 349 2714 non
355 2662 450 2734 potest
459 2651 499 2712 itti
510 2649 720 2713 absolutionem
732 2648 884 2729 denegare,

109 2754 145 2814 ob
160 2755 206 2830 jus
222 2761 330 2812 certum
354 2747 498 2828 quoditie
516 2749 669 2829 acquisivit
691 2766 741 2824 per
758 2746 838 2805 Conf
864 2778 883 2792 ·

111 2849 219 2906 sionem
248 2849 309 2924 jam
333 2845 439 2907 facum
472 2863 589 2905 suorum
625 2830 824 2922 peccatorum,
850 2849 884 2901 ut

111 2962 197 3000 num·
214 2941 263 3018 95.
336 2964 339 2968 ·

157 3036 221 3112 193.
235 3032 324 3094 XXI.
344 3032 379 3091 ln
398 3028 549 3091 audiendis
566 3027 801 3091 confessionibus
817 3048 883 3089 mu·

113 3132 237 3204 lierum,
260 3127 375 3205 illisque
402 3121 630 3205 pertractandis,
655 3120 790 3184 adhibeat
818 3141 883 3181 earn
