1956 3608
151 170 191 270 lsi
373 209 478 261 seexss
497 208 700 257 consessum.
794 262 797 267 ,

149 301 227 377 reli,
247 323 334 363 nam.
351 304 410 376 26,
437 305 525 363 teneri
547 303 761 365 confessarium
783 305 924 369 instruere

150 397 323 457 Poenitentes
341 395 424 456 rudes
440 398 469 455 in
487 400 629 478 mysteriis
644 397 746 474 Fidei,
773 398 874 460 saltem
892 395 924 462 in

150 498 274 568 quatuor
287 488 501 568 principalibus.
515 490 697 572 Quapropter
709 491 749 550 sic
757 492 923 570 subjungit:
954 523 957 529 ·

150 580 274 641 Bonum
301 595 435 658 nonest
454 583 617 643 consiliam
640 583 789 645 dimittere
809 583 924 646 similes

148 673 296 756 ignaras,
319 687 353 735 ιιι
377 676 417 735 ab
444 675 512 735 aliis
537 676 606 738 hoec
634 676 827 754 doccantur,
849 677 925 756 quia

149 769 253 831 nullus
275 768 355 831 alius
379 769 551 848 sperabitur
571 771 717 846 fruetus,
738 770 798 830 nisi
822 783 857 831 ut
879 769 925 833 sic

106 915 111 928 ,
148 864 249 951 ignari
262 877 462 927 remaneant:
476 863 603 943 ideaque
616 864 784 943 expediens
796 877 841 926 est
856 865 927 927 bre-

151 960 280 1022 vitereas
288 960 397 1020 docere
406 958 557 1038 praedicta
568 959 712 1035 mysteria
721 958 931 1037 principalia,

150 1051 310 1132 efficienda
336 1053 452 1130 pariter
481 1065 516 1110 ut
542 1071 645 1111 secam
664 1051 929 1132 &armentactus

151 1145 258 1219 Fidei,
274 1143 367 1222 Spei,
388 1145 554 1207 Charitatis
566 1157 595 1206 et
611 1145 826 1222 Contritionis‚
844 1147 928 1208 ohti-

147 1240 253 1320 gando
286 1253 390 1300 tamen
415 1254 467 1298 ees
492 1251 525 1299 ut
554 1238 586 1297 in
610 1252 766 1316 posterum
794 1244 928 1318 perfecte

150 1331 260 1393 instrui
276 1352 308 1392 se
320 1332 445 1408 saciant
459 1331 544 1392 circa
557 1345 670 1392 coetera
687 1335 832 1408 mysteria
848 1334 928 1395 scitis

151 1425 323 1488 necessaria
347 1425 384 1484 rie
403 1425 580 1485 necessitate
599 1427 756 1504 precepti.
787 1427 823 1485 Et
849 1424 927 1486 idem

152 1529 250 1581 eucttn
262 1517 382 1598 laquens
404 1516 440 1577 de
460 1522 586 1599 personis
606 1520 723 1580 urbanis
740 1520 841 1580 salutis
859 1540 930 1600 pro·

51 1622 55 1629 '
152 1617 220 1698 priae
235 1614 469 1694 negligentibus,
490 1617 624 1696 quesibi
641 1637 746 1694 magna
767 1619 884 1691 rubori,
899 1625 930 1677 et

152 1706 332 1772 contumelia
351 1706 464 1767 habent
476 1727 505 1767 se
520 1707 556 1767 dc
570 1709 605 1767 iis
620 1710 804 1786 interrogari,
820 1704 861 1769 ait
874 1707 930 1768 de-

153 1798 463 1872 senonicensem,
479 1809 511 1860 ut
525 1801 593 1879 ipsis
608 1800 648 1861 sic
663 1798 739 1861 dicet
754 1818 761 1856 :
779 1801 855 1875 Eia,
870 1800 929 1860 eli-

153 1895 272 1957 aianms
286 1915 352 1954 una
369 1894 461 1953 simul
478 1907 565 1954 actus
579 1895 765 1957 christianes
778 1937 787 1968 ‚
801 1895 851 1956 dic
865 1915 930 1956 me-

154 2007 246 2049 cum:
266 1985 347 2046 Deus
360 2006 462 2056 meas,
479 1985 551 2062 quia
562 2005 593 2046 es
608 1985 729 2046 Veritas
741 1984 927 2061 infallibilis,
960 2017 972 2024 ·

152 2093 183 2142 ιι
197 2080 271 2160 quia
291 2093 409 2140 sancte
424 2079 576 2145 ,Ecclesiae
597 2090 630 2138 tu
652 2076 809 2151 revelasti,
835 2079 928 2140 credo

154 2173 299 2254 quicquid
315 2186 424 2235 sancta
443 2173 580 2235 Ecclesia
600 2192 649 2231 me
668 2171 756 2231 decet
777 2171 928 2241 crederes

154 2268 245 2330 ereda
258 2267 414 2346 proecipae
436 2280 462 2328 te
483 2288 546 2329 esse
571 2287 670 2327 unum
693 2265 794 2342 Deum
815 2278 842 2327 et
868 2280 928 2328 tres

154 2361 309 2421 Personas
321 2376 334 2428 ;
351 2360 439 2419 credo
455 2360 589 2436 Filium,
604 2376 675 2418 cam
691 2358 774 2418 Dens
787 2370 883 2430 esset,
897 2379 929 2421 se

146 2455 261 2530 fecisse
273 2455 450 2530 hominem,
467 2466 624 2514 marinum
638 2471 702 2533 esse
715 2451 747 2509 in
762 2471 869 2523 cruce,
880 2473 930 2528 re-

154 2549 346 2625 surrexisse,
361 2563 390 2609 ιι
403 2548 445 2609 ad
461 2547 554 2607 coelas
570 2543 743 2605 ascendisse
760 2560 773 2612 ι
797 2556 828 2605 et
843 2544 928 2607 illinc

155 2655 313 2703 ventarum
332 2662 395 2702 esse
416 2659 522 2701 amnes
539 2637 780 2713 judicaturam,
807 2652 840 2698 ιιι
856 2639 930 2701 beni

152 2733 253 2815 gloria
275 2731 414 2811 paradisi
426 2732 602 2803 fruantur,
624 2742 654 2789 et
669 2728 746 2789 mali
763 2730 793 2788 in
813 2744 932 2793 oenrna.

154 2828 222 2906 igne
233 2825 472 2886 crucientur.e.⁰
481 2823 527 2879 An
536 2822 749 2898 superstitiones
757 2825 929 2897 exercuerit,

156 2917 290 2979 eulalius
304 2914 452 2992 decuerit,
473 2924 501 2973 et
517 2916 540 2972 si
559 2915 590 2972 in
605 2916 673 2994 ipsis
686 2914 808 2974 aliorum
826 2917 930 2994 minis·

154 3017 224 3073 teria
239 3032 307 3078 usus
320 3011 427 3086 fucat,
441 3029 514 3090 quas
530 3008 566 3069 ad
582 3030 634 3069 suo
646 3019 757 3088 peccato
770 3030 928 3090 cooperan-

155 3106 226 3169 dum
239 3105 385 3166 induxerit
404 3127 411 3163 :
430 3108 561 3187 quocirca
576 3103 662 3169 debet
677 3103 762 3166 rades
772 3103 929 3167 admonere
