1956 3608
104 190 138 247 ιδ
321 195 426 240 rrtxrs
443 193 647 240 courusstmr.

98 295 238 369 gallonem
256 309 264 358 3
290 291 419 362 etenim,
442 288 505 349 licet
523 293 608 356 (cum
621 284 760 366 expedit)
783 292 878 366 possit

98 385 217 461 adjungi
232 382 303 462 opus
317 380 411 464 quod,
432 381 530 442 habita
550 383 658 440 ratione
672 390 877 460 proauorum,

97 483 133 540 sit
148 479 227 551 leue,
243 487 370 537 attamen
381 495 492 555 semper
501 474 585 534 debet
596 475 704 554 imponi
716 472 879 538 satisfactio

70 568 78 579 “
97 575 263 650 gravisque
270 569 376 646 obliget
385 569 438 629 sub
449 571 539 645 gravi.
555 568 589 627 Et
600 566 766 647 lricoportet
776 566 879 630 arluo-

98 673 157 726 tare
179 663 275 743 aliqua
300 663 468 737 pertinentia
492 660 529 722 ad
552 664 663 740 praxim
682 664 754 722 circa
777 664 880 741 poeni-

98 761 200 819 tentius
225 754 425 837 imponendas.
450 752 618 816 Notandum
639 755 665 815 l.
684 753 762 815 Cum
775 754 880 817 Poni-

99 859 161 913 teus
185 848 290 909 oblitus
313 847 397 907 fuerit
421 848 620 925 peonitentia,
643 848 808 907 communis
831 856 880 911 est

97 947 235 1005 sententia
254 949 317 1016 (ι)
337 942 373 1002 ad
389 942 512 1000 nihilum
531 941 656 1020 amplius
673 960 739 1001 eum
760 944 877 1019 teneri,

97 1040 151 1098 uisi
164 1037 246 1099 facile
260 1043 333 1094 esset
349 1035 424 1107 sibi,
443 1045 475 1093 ut
486 1044 578 1114 posset
593 1055 608 1093 a
625 1033 809 1094 confessario
822 1038 878 1116 qui

98 1150 162 1191 earu
176 1131 310 1210 imposuit
324 1146 500 1205 cognoscere.
518 1128 559 1189 ll.
576 1127 644 1187 Nou
657 1138 749 1207 potest
763 1131 879 1208 imponi

98 1247 149 1308 pro
163 1225 279 1288 occultis
296 1226 417 1305 peccatis
433 1223 546 1304 publica
564 1223 742 1296 satisfacti03
760 1234 880 1286 tenetur

98 1330 195 1382 autem
204 1321 403 1380 Confessarius
412 1318 465 1379 has
476 1323 640 1398 imponere,
651 1322 674 1378 si
687 1320 741 1379 alia
752 1320 799 1378 via
812 1338 878 1381 non

97 1417 186 1496 possit
195 1417 302 1474 occurri
321 1411 455 1473 scandalo
469 1412 554 1486 dato,
573 1411 620 1472 vel
634 1412 736 1472 honori
751 1412 880 1490 alicujus

99 1506 193 1590 palam
210 1504 354 1575 detracto;
371 1504 494 1565 sednon
511 1516 554 1565 est
571 1503 791 1583 adstringendus
805 1504 880 1566 1¹oe

96 1602 194 1663 nitens
213 1598 250 1661 ad
271 1599 414 1680 publicam
430 1601 625 1678 poenitentiam
641 1597 828 1675 faciendam,
849 1602 878 1660 si

99 1697 160 1775 ipse
176 1695 288 1769 renuit,
309 1703 337 1753 et
357 1692 412 1753 alio
429 1691 516 1752 modo
533 1695 620 1772 possit
634 1691 803 1753 scandalum
825 1712 879 1754 re·

98 1808 222 1869 parare,
255 1790 393 1847 nimimm
426 1787 610 1847 Sacramenta
639 1785 879 1867 frequentando,
933 1860 936 1864 ⁴

100 1883 239 1945 Eotlesias
255 1878 418 1955 visitando,
434 1879 470 1941 ad
486 1880 612 1959 aliquam
625 1881 877 1957 congregationem

99 1995 130 2039 re
147 1973 344 2053 aggregando,
367 1984 421 2034 etc.
440 1978 497 2045 (ι).
520 1974 575 2032 lll.
597 1972 764 2050 Aliquando
781 1980 880 2054 potest

98 2070 206 2149 imponi
220 2067 316 2147 aliqua
327 2069 493 2146 poenitentia
505 2066 560 2124 sub
571 2063 754 2140 conditione,
770 2069 793 2124 si
809 2067 879 2127 1>oe-

97 2165 194 2223 nitens
208 2157 368 2221 reinciderit
384 2159 440 2228 (3).
451 2156 509 2218 Sed
518 2157 810 2218 animadvertendum
819 2159 880 2220 lm-

98 2253 223 2332 jusmodi
244 2253 425 2334 poenitentias
439 2252 511 2312 forte
527 2251 672 2312 multoties
688 2252 798 2314 felicem
811 2274 877 2316 non

97 2342 202 2408 habere
215 2347 349 2418 exitum,
373 2345 512 2424 precipue
527 2346 550 2403 si
566 2341 744 2423 perlongum
759 2353 877 2424 tempus

98 2437 241 2500 duratura
255 2443 340 2497 erunt
355 2455 365 2507 a
384 2438 452 2514 quia
466 2435 586 2496 faciliter
600 2444 696 2514 postea
712 2429 744 2492 in
759 2434 875 2515 relapsu

97 2533 299 2611 negliguntur,
324 2539 352 2588 et
366 2538 479 2608 peccata
499 2528 736 2608 multiplicantur.
760 2528 817 2588 tv.
839 2529 876 2590 Si

98 2641 227 2701 unquam
251 2620 396 2680 Poenitens
420 2621 475 2679 sibi
492 2621 596 2681 mutari
616 2618 813 2699 poenitentiam
834 2621 878 2681 ab

97 2715 154 2778 alio
168 2713 348 2774 Conlessario
357 2715 521 2794 impositam
534 2715 662 2793 petierit,
673 2712 776 2775 volunt
786 2712 875 2776 multi

97 2808 237 2869 Doctores
249 2807 274 2864 ei
290 2802 472 2885 repetendam
488 2803 548 2865 fore
562 2814 649 2864 totam
664 2805 874 2866 confessionem

97 2901 164 2963 lruic
178 2897 381 2976 confessario,
399 2897 545 2960 salumin
561 2897 705 2973 confuso,
732 2902 765 2957 rit
780 2907 874 2959 status

130 3088 169 3151 (ι)
188 3084 370 3147 [chromo.
404 3088 443 3151 (a)
460 3085 540 3140 llum.
555 3089 612 3140 512.
645 3088 685 3153 β)
701 3084 857 3152 littam.
