1956 3608
158 213 219 277 218
382 220 488 272 rrtxrs
506 218 714 271 corrrsstmr.

269 372 389 437 Manita
401 371 433 431 r'n
442 392 554 453 genere
567 394 625 451 pro
637 370 836 451 perfectione.

206 528 271 589 160.
287 525 312 583 1.
332 524 518 584 Conuoctuu
532 545 647 585 omnem
662 544 745 585 suern
760 522 894 584 fiduciam
904 525 926 591 iu

158 620 242 694 Deo,
263 627 291 678 et
307 619 427 678 omniuo
440 615 569 677 diffidere
580 616 616 676 de
630 636 677 691 se,
692 627 721 676 et
736 614 773 677 de
789 617 848 676 suis
858 616 927 676 bonis

158 713 320 796 propositis.
337 712 468 774 Mascula
481 710 682 773 determinatio
695 732 726 771 se
740 710 875 774 vincendi
887 719 927 781 ‚et

158 808 221 867 viru
236 807 290 867 sibi
305 807 336 866 iu
350 804 545 866 occasionibus
567 803 719 864 inferendi.
744 803 796 864 Ait
814 802 846 864 S.
860 802 927 864 The

160 904 233 963 resia
255 923 263 960 τ
281 900 316 961 Si
334 900 470 975 desectos
484 910 548 960 non
560 898 699 978 procedit
716 920 737 959 α
757 898 870 975 nobis,
896 914 926 958 nr

159 998 320 1056 timeamus
335 992 422 1071 quod
437 992 519 1053 Deus
538 1013 570 1056 se
592 991 747 1055 obstineat
764 994 804 1054 ob
826 993 926 1071 irnper-

158 1087 263 1150 rierrtio
287 1086 376 1162 nobis
394 1086 517 1146 auxilia
537 1087 581 1146 od
598 1099 741 1147 nostram
761 1085 927 1166 sanctffico·
970 1088 972 1103 ²

158 1183 283 1244 tionem.

204 1278 268 1338 161.
282 1276 322 1336 tl.
343 1275 455 1336 Cavete
468 1296 485 1335 a
499 1293 673 1356 quocunque
689 1275 813 1335 minimo
827 1272 926 1334 defectu
970 1306 972 1315 =

159 1366 333 1441 deliberato,
355 1370 417 1429 sive
430 1371 534 1448 apertis
553 1366 640 1428 oculis
656 1365 795 1427 admisso.
821 1367 853 1425 A
864 1386 928 1445 pec-

157 1477 227 1524 cato
236 1463 400 1523 deliberato
414 1504 424 1537 ,
444 1463 563 1541 (inquit
573 1461 676 1523 eadem
690 1460 819 1533 Sancta)
840 1480 928 1541 quon·

157 1557 267 1617 tumvr's
284 1577 403 1636 parvo,
436 1557 521 1618 Deus
541 1579 593 1620 vos
614 1558 730 1619 liberet.
751 1554 927 1637 Subditque:
969 1598 972 1603 ·

159 1654 297 1713 Dromon
321 1654 404 1714 enim
425 1673 481 1732 per
498 1672 593 1731 opera
611 1652 818 1719 minimarum
835 1669 928 1712 rerrrn
970 1662 972 1667 '

159 1744 265 1820 aliquo
281 1744 364 1820 socit
382 1744 548 1820 foramina
567 1763 623 1821 per
649 1760 721 1821 quoe
745 1763 795 1804 res
816 1758 929 1824 magno

159 1839 384 1919 ingrediuntor.

204 1929 338 1991 162.111.
353 1928 420 1990 Nou
431 1931 535 1990 tristari
549 1939 612 2010 post
631 1928 772 1991 admissos
791 1928 930 1999 defectus,

160 2020 209 2084 sed
225 2026 280 2086 cito
292 2044 322 2085 se
334 2023 510 2100 humiliare,
525 2033 570 2099 et,
584 2022 622 2085 ad
636 2022 734 2085 Deum
749 2020 932 2103 confugiendo

159 2140 226 2182 cum
250 2122 331 2180 brevi
353 2129 418 2181 actu
437 2120 614 2180 contritionis
632 2129 661 2180 et
681 2123 843 2202 proposito,
862 2137 891 2178 se
906 2119 930 2195 in

160 2234 228 2294 pace
243 2215 385 2275 remittere
398 2236 405 2285 ;
426 2224 453 2274 et
467 2216 506 2274 ita
521 2233 631 2294 semper
645 2234 675 2274 se
688 2234 805 2294 gerere,
826 2211 931 2274 etiamsi

158 2312 266 2371 centies
283 2312 314 2369 in
332 2308 379 2370 die
395 2312 459 2390 quis
474 2309 597 2372 caderet.
619 2311 656 2371 Et
671 2313 701 2371 iu
716 2310 771 2372 troc
788 2318 887 2370 monet
905 2306 930 2367 S.

158 2404 297 2467 Theresia
321 2424 358 2466 ue
376 2407 624 2468 communicentur
635 2406 754 2486 proprior
768 2406 930 2481 tentationes

160 2502 314 2562 animabus
326 2501 516 2582 imperfectis,
539 2503 606 2581 quia
624 2503 664 2561 ita
682 2509 712 2560 et
732 2500 810 2575 sibi,
831 2511 860 2561 et
877 2498 931 2561 aliis

160 2591 301 2663 damnum
317 2591 444 2654 affertur.

205 2684 271 2747 163.
285 2685 340 2745 tv.
357 2684 490 2745 Alienare
505 2705 535 2746 se
548 2687 586 2746 ab
600 2687 735 2749 omnibus
749 2688 931 2768 propinquis,

159 2780 265 2856 rebus,
284 2779 480 2862 voluptatibus
492 2801 501 2850 ς
517 2780 615 2855 aliter,
629 2783 725 2862 iuquit
738 2780 770 2842 S.
782 2782 932 2850 Theresia,
970 2854 972 2859 Ι

160 2877 280 2939 Animo
293 2871 356 2937 nen
370 2875 540 2936 recedendo
555 2895 576 2936 n
586 2877 794 2955 voluptatibus
805 2877 931 2938 mundo·

159 2972 208 3033 nis
218 3015 228 3045 ‚
239 2976 304 3032 ntin
315 2970 524 3048 postmultum
536 2968 636 3031 denuo
648 2971 766 3032 recedet
777 2993 799 3032 c
810 2972 858 3032 vic
871 2968 930 3031 Dei·

161 3063 292 3141 Effugere
299 3064 520 3125 familiaritatem
530 3084 714 3145 personarum
725 3063 833 3127 diversi
841 3083 931 3143 sexus,

157 3168 420 3242 quantumcunque
446 3157 555 3220 tuerint
576 3158 732 3236 religiose:
759 3180 835 3242 saepe
860 3163 931 3231 enin
