1956 3608
223 176 252 249 §.
264 195 310 236 111.
329 196 392 239 corr
410 195 550 239 rureonrs
568 196 713 240 aaronis.
800 186 862 259 ¹4¹·

81 281 304 363 gravit-atione.
326 288 386 349 Sed
392 301 499 350 contro
509 310 608 368 nequo
616 288 742 369 expedit
752 286 784 348 in
796 291 857 351 hoo

81 395 148 436 esse
161 377 351 454 invariabile,
370 383 397 442 si
407 382 551 461 legitimae
561 402 664 473 cooroe
677 382 857 444 mutationis

81 472 304 546 superveniant.
313 473 473 548 Caeterum,
484 473 553 536 dicit
563 476 595 536 S.
602 476 738 537 Therasia
750 479 873 554 justam·

81 579 144 623 esse
162 583 244 642 posse
259 586 375 627 causam
391 565 522 627 mutandi
547 568 779 644 confessarium,
803 567 859 629 de·

81 655 159 717 iectu
175 658 329 735 bonitatis,
351 662 390 720 ita
407 662 540 740 iuquiens
562 683 570 720 :
590 661 625 723 Si
642 663 856 737 consecrarius

81 751 225 812 proclivis
253 753 347 814 alicui
372 754 504 815 vanitati
528 767 677 832 apparet,
701 768 858 829 mntemr3

81 866 155 907 tum
170 845 234 923 ipsc
247 848 286 907 sit
297 867 416 920 vanus,
433 868 527 908 vanos
540 845 618 907 alios
633 845 752 925 efficiet.
767 846 860 925 Prop-

81 948 158 1001 terea
174 943 278 1019 poterit
299 959 359 999 esse
381 943 457 1017 jueta
476 961 561 1002 causa
579 938 711 1002 mutandi
733 938 861 1000 desectus

81 1035 222 1097 doctrina
239 1053 247 1104 ;
272 1033 307 1094 de
330 1033 384 1097 hoc
406 1046 500 1096 tamen
515 1047 622 1098 certam
637 1045 746 1115 oportet
762 1036 861 1096 haberi

81 1128 346 1208 praeumptionem.
361 1128 406 1188 De
417 1137 516 1189 catera
526 1171 535 1203 ‚
544 1131 585 1190 ait
593 1129 625 1189 S.
633 1128 770 1191 Theresia
782 1127 860 1208 quod

81 1218 117 1281 de
129 1217 229 1278 dubiis
240 1218 312 1278 bene
326 1230 416 1299 potest
427 1221 570 1280 Poenitens
581 1220 651 1280 alios
663 1219 759 1280 doctos
770 1218 863 1280 direc-

81 1320 160 1374 tores
173 1310 337 1388 consulere,
350 1315 408 1374 imo
417 1313 574 1392 aliquando
584 1313 638 1375 hoc
648 1316 766 1374 omnino
775 1333 863 1393 expe·

81 1405 137 1467 dit.
148 1411 178 1481 4.
193 1405 288 1466 Evitet
302 1405 499 1468 Confessarius
509 1407 659 1488 partialem
671 1427 700 1467 ee
711 1405 861 1468 ostendere

81 1521 153 1563 curn
167 1498 265 1579 aliquo
280 1501 447 1563 Poenitente.
465 1502 594 1580 Quidam
610 1501 648 1563 ad
661 1506 790 1563 animam
804 1502 862 1563 ali-

81 1613 177 1674 quam
189 1596 275 1654 auimi
287 1594 517 1656 benevolentiam
528 1596 616 1654 nimis
627 1594 784 1670 adiiciunt3
797 1615 862 1655 curn

81 1685 134 1746 ilia
150 1704 264 1746 omnem
279 1706 401 1760 curam,
426 1694 561 1766 tempus,
589 1695 618 1744 et
634 1683 759 1745 laborem
780 1687 865 1743 ineu·

81 1787 183 1852 munt.
198 1779 264 1839 Non
277 1779 441 1857 negandum
456 1777 534 1861 quod
548 1777 647 1858 aliqua
658 1778 756 1839 anima
770 1795 863 1856 quan·

83 1873 184 1953 doque
197 1875 299 1951 maiori
318 1873 456 1951 indigebit
478 1872 660 1947 assistentia,
681 1891 771 1951 quam
784 1869 865 1942 aliar

84 1963 140 2026 secl
154 1964 267 2025 aliaest
283 1967 463 2040 assistentia,
489 1965 544 2028 alia
562 1973 606 2022 est
625 1961 773 2035 athesis,
800 1983 865 2041 qua

85 2056 178 2122 efficit
193 2069 225 2118 ut
237 2059 345 2138 parcior
361 2079 429 2119 cura
445 2057 483 2118 de
503 2055 566 2119 aliis
581 2055 787 2121 penitentibus
808 2054 865 2114 ha-

85 2155 201 2214 beatur.
226 2149 294 2210 ldeo
315 2151 447 2232 expediet
468 2149 546 2232 quod
574 2148 773 2210 Confessarius
798 2165 866 2227 per-

87 2265 167 2307 sonae
184 2243 224 2304 illi
248 2243 431 2321 indigentiori
451 2247 576 2326 aliquem
593 2244 668 2307 diem
686 2252 737 2305 aut
754 2251 866 2322 tempus

88 2337 259 2422 particulare
274 2339 419 2413 assignet,
435 2341 507 2418 quin
519 2338 575 2403 ,alii
590 2334 804 2399 incommodum
818 2356 867 2396 re-

90 2437 210 2518 cipiant.
367 2500 371 2507 ,
920 2421 923 2428 ’

134 2548 203 2587 ror.
217 2524 384 2587 Notandum
399 2522 429 2585 5.
448 2520 536 2600 Quod
552 2523 581 2581 in
597 2518 772 2601 excipiendis
786 2517 869 2578 Con·

90 2618 265 2681 leccionibus
272 2617 374 2678 harum
382 2637 566 2699 personarum
577 2615 784 2698 spiritualium,
794 2613 869 2675 Con·

92 2715 228 2776 fessarias
248 2732 350 2774 cavere
367 2710 451 2773 debet
466 2733 503 2772 ne
522 2714 607 2774 nimis
621 2711 731 2774 attollat
745 2728 845 2771 vocem
860 2749 872 2782 ,

94 2809 229 2888 quamvis
242 2803 278 2866 de
291 2807 411 2887 peccatis
424 2823 483 2864 non
500 2804 656 2885 loquatur,
680 2805 749 2882 quia
766 2819 802 2860 ex
814 2799 869 2858 hoc

94 2901 321 2982 acciderepotest
334 2899 411 2981 quod
425 2899 677 2979 aliiexpavescant
691 2915 757 2955 suas
772 2891 869 2970 culpas

96 2999 243 3071 confiteri,
268 2997 304 3054 ob
325 2994 403 3054 hunc
427 2997 557 3054 timorem
574 2990 651 3070 quod
672 2987 871 3048 confessarius
892 3044 904 3055 ,.

98 3089 154 3152 alta
169 3109 239 3157 vace
252 3089 396 3169 loquatur.
416 3086 446 3148 6.
465 3085 532 3147 Non
549 3085 587 3145 sit
599 3081 690 3144 facilis
710 3082 928 3163 peruritterep*¹
