1956 3608
104 268 160 340 itit
317 276 421 322 unam
442 275 648 324 conruerunt.

99 374 372 437 transformationem
390 393 398 443 ;
425 371 502 430 unde
526 370 640 446 subdit,
656 369 735 451 quod
754 388 821 432 cum
837 373 865 430 iu

97 469 152 530 hoc
165 470 253 548 posita
272 468 307 525 sit
326 475 382 525 tota
401 467 558 539 sanctitas,
581 468 781 545 unusquisque
799 463 868 525 nihii

32 626 35 631 ,
98 561 176 624 aliud
194 559 277 619 debet
296 557 476 630 desiderare,
492 568 520 617 et
535 567 657 638 peterea
673 559 761 632 Deo,
781 577 868 636 quam

44 700 61 719 ,-
98 665 130 715 ut
155 652 292 730 dirigatur
311 654 349 712 ab
372 654 455 731 ipso,
477 653 556 710 etin
578 652 639 730 ipso
659 670 743 710 suam
764 649 869 730 efficiat

96 744 285 805 voluntatem.
311 742 343 801 S.
365 741 522 816 Thermia,
540 739 687 801 tractando
706 739 744 800 de
764 744 868 802 unione

26 892 29 897 .
97 838 230 917 passiva,
249 837 342 912 inquit
359 837 405 905 (r)
426 830 504 911 quod
528 835 626 893 anima
649 834 739 911 posita
762 834 792 892 in
812 852 867 908 ea,

25 924 29 931 ’
95 951 159 990 non
183 930 284 1001 videt,
308 948 371 986 non
385 928 494 1001 sentit,
521 947 618 1004 neque
632 926 763 987 advertit
778 927 822 988 ita
838 949 867 988 ee

95 1023 205 1082 habere
219 1041 226 1090 ;
243 1021 380 1097 quoniam
396 1018 622 1078 exabundantia
639 1018 710 1079 lucis
723 1030 752 1079 et
765 1023 866 1081 amoris

95 1113 261 1174 efformetur
270 1112 317 1172 iiia
327 1113 406 1170 beata
418 1112 527 1189 caligo,
545 1115 642 1191 inqua
654 1113 867 1193 suspenduntur

98 1227 196 1268 omues
211 1209 342 1287 potentiae
357 1208 461 1266 anime
475 1226 484 1275 ς
507 1209 643 1269 memoria
655 1209 735 1267 enim
748 1229 808 1267 uun
822 1227 866 1267 re-

97 1299 245 1372 cordatur,
268 1302 323 1358 nisi
347 1299 426 1358 Dei:
450 1298 585 1359 voluntas
603 1302 787 1376 coniungitur
807 1302 866 1361 Deo

98 1392 146 1453 tali
160 1412 279 1465 amore,
304 1401 336 1450 ut
356 1401 479 1470 nequeat
496 1412 592 1452 amare
605 1387 685 1452 aliud
699 1395 842 1470 objectum
856 1416 862 1463 ;

98 1495 125 1547 et
139 1485 295 1544 intellectus
311 1493 387 1543 tanta
404 1484 464 1545 iuce
478 1485 619 1564 repletur,
636 1496 669 1546 ut
680 1487 791 1547 nullam
808 1509 863 1547 reru

96 1577 181 1639 eliam
196 1576 290 1637 valeat
303 1579 443 1654 cogitare,
469 1598 522 1639 nec
537 1583 623 1638 etiam
641 1582 761 1656 gratiam
778 1602 864 1660 quam

96 1681 159 1732 actu
173 1681 239 1732 tunc
251 1673 364 1750 recipit;
380 1670 456 1730 unde
468 1672 596 1750 inteiligit
607 1672 747 1749 muitum,
759 1675 809 1734 sed
819 1695 866 1734 ne·

96 1767 158 1841 quit
172 1765 311 1841 percipere
324 1760 395 1840 quid
406 1760 552 1839 intelligat.
575 1764 609 1822 ln
622 1783 755 1840 summa,
770 1769 864 1826 anima

95 1856 125 1914 in
143 1853 196 1913 huc
216 1863 290 1912 statu
305 1856 457 1914 constituta
472 1853 559 1915 habet
574 1855 678 1919 clarem
700 1867 729 1916 et
751 1862 864 1938 experi-

95 1947 248 2008 mentalem
264 1948 451 2024 cognitionem
464 1948 517 2007 Dei
533 1953 677 2028 praesentis
690 1954 741 2030 qui
756 1955 786 2011 in
799 1954 864 2013 'ani-

95 2062 149 2102 mae
163 2052 260 2103 centro
273 2060 337 2101 eam
350 2044 403 2102 sibi
418 2045 574 2119 conjungit.
589 2042 659 2104 Haec
671 2047 758 2120 unio,
773 2048 865 2126 inquit

94 2138 126 2197 S.
141 2135 278 2196 Theresia
295 2139 361 2207 (a),
378 2155 437 2195 uon
452 2136 574 2194 multum
590 2136 745 2214 perdurat,
765 2139 814 2199 sed
829 2139 864 2201 ad

95 2248 242 2288 summum
256 2227 405 2288 dimidiam
420 2227 520 2289 horam
538 2248 595 2288 non
610 2230 732 2291 excedit.
754 2232 790 2292 ln
804 2234 864 2296 aliis

95 2320 647 2402 contemplationibus,dequibusantea
657 2325 864 2406 decutiamus,

95 2415 175 2476 Deus
195 2417 299 2495 praebet
318 2435 348 2475 se
369 2415 527 2476 videndum
545 2426 682 2496 tanquam
703 2423 863 2498 proximum

94 2513 198 2570 aninrae
213 2531 221 2579 ;
238 2509 284 2570 lric
294 2530 362 2570 vero
376 2520 513 2588 tanquam
528 2521 693 2588 praesentem
704 2524 757 2584 ;·et
767 2518 863 2576 anime

93 2605 235 2679 experitur
242 2621 309 2660 eum
317 2603 370 2661 sibi
379 2605 563 2678 conjunctum
573 2624 623 2681 per
633 2624 751 2666 suavem
761 2627 864 2689 quem·

95 2693 343 2755 damcontactum.
360 2692 464 2768 Unde,
479 2699 573 2775 inquit
586 2698 691 2760 Sancta
703 2703 790 2783 <3)·in
803 2704 864 2763 aliis

95 2786 379 2868 contemplationibus
392 2808 472 2867 posse
482 2793 608 2850 animam
622 2790 751 2852 dubitare
766 2805 863 2854 utrum

97 2880 182 2941 suerit
198 2880 295 2950 Deus,
315 2881 344 2938 in
358 2878 411 2939 h'ac
429 2900 496 2940 vero
515 2900 584 2939 nun.
607 2882 668 2943 Hoc
688 2892 785 2944 tamen
805 2907 864 2947 non

97 2975 246 3048 obstante,
270 2971 355 3033 debet
375 2993 439 3036 earu
458 2973 653 3036 confessarius
671 2997 787 3038 monere
804 3000 864 3042 nou

128 3093 165 3152 (r)
184 3093 267 3141 Meus.
282 3091 320 3149 V.
340 3108 362 3141 c.
378 3109 400 3144 r.
531 3098 572 3157 (α)
593 3095 662 3147 vita.
680 3112 702 3148 c.
720 3103 760 3151 18.

37 3216 42 3221 .
123 3170 165 3240 (3)
184 3173 274 3226 Meus·
290 3172 333 3241 V,
348 3188 374 3226 c.
387 3193 410 3227 r.
