1956 3608
163 198 792 277 §.rv.nrrmousrrurtstcrtrrsrrronarr.
812 228 872 293 ²⁰9

149 308 217 371 153.
237 308 275 369 Et
292 311 429 389 quamvis
448 310 544 368 anima
567 308 665 388 aliqua
686 308 798 370 caderet
819 312 877 373 ali·

102 399 222 480 quanda
246 400 418 463 inveniale
450 412 596 481 peccatum
619 401 812 465 voluntarium
840 407 877 466 ab

102 513 212 555 meram
233 494 438 571 fragilitatem,
466 493 516 553 sed
547 498 603 555 cito
629 508 723 575 postea
750 496 877 577 doleret,

102 587 392 667 emendationemque
416 598 607 667 proponeret;
630 592 653 646 si
675 589 778 651 deinde
795 610 878 655 com·

102 685 271 743 munionem
286 680 458 742 desideraret
479 680 517 741 ad
540 683 626 741 robur
648 685 841 761 accipiendum
859 708 875 749 a

100 774 314 851 Sacramenta,
337 795 375 835 ne
399 773 502 849 cadat,
528 784 556 833 et
580 776 616 834 ad
642 774 877 854 progrediendum

98 870 132 929 iu
150 870 197 931 via
220 868 427 948 perfectiouis;
450 887 578 948 quanam
599 867 635 927 de
656 888 740 928 causa
760 873 786 929 ei
807 882 879 933 esset

100 960 270 1040 deneganda
279 961 878 1038 communialllamuataiamfuitabAlex.

95 1056 188 1119 vltl.
203 1059 353 1137 propositio
370 1078 419 1118 22.
432 1058 494 1118 uait
508 1100 518 1132 ,
531 1078 596 1138 quae
617 1057 728 1118 dicebat
745 1080 754 1117 s
770 1060 880 1122 Sacri-

99 1153 159 1232 legi
171 1163 242 1211 sunt
250 1151 415 1224 judicandi
428 1151 481 1229 qai
499 1155 550 1223 jus
564 1153 607 1212 ad
621 1155 871 1215 communionem

97 1244 330 1324 percipiendam
344 1244 564 1318 praetendunt,
581 1257 749 1318 antequam
764 1246 801 1304 de
823 1247 879 1306 de·

97 1339 179 1401 iictis
191 1337 254 1398 suis
261 1337 473 1415 paenitentiam
481 1339 604 1417 egerint.
622 1337 659 1397 Et
668 1341 820 1418 propositio
829 1345 879 1405 23.

96 1431 246 1493 Similiter
261 1432 389 1493 arcendi
407 1445 479 1493 sunt
499 1454 520 1491 a
544 1453 638 1494 sacro
659 1436 879 1498 communione

98 1524 211 1605 quibus
225 1525 366 1588 nondum
386 1526 463 1586 inest
484 1546 575 1586 amar
593 1526 651 1585 Dei
674 1529 878 1605 purissimus,

102 1630 133 1678 et
146 1618 248 1679 amnis
267 1618 427 1678 mixtionis
441 1637 568 1695 expers.
592 1616 712 1677 Sacrum
727 1624 879 1681 concilium

101 1710 309 1773 Tridentinum
325 1719 409 1771 vacat
422 1709 477 1771 hac
491 1710 708 1771 Sacramentum
723 1733 731 1769 z
747 1715 880 1775 Antida-

97 1817 164 1869 tum
179 1828 240 1884 quo
256 1805 429 1866 liberamur
444 1825 464 1864 a
479 1806 580 1882 culpis
594 1805 802 1885 quotidianis,
817 1820 847 1867 et
858 1826 881 1869 a

95 1897 233 1979 peccatis
253 1899 435 1957 mortalibus
448 1916 688 1973 praeservomur.
710 1898 747 1957 Et
761 1897 879 1977 quidem

97 1986 139 2051 ad
154 1987 235 2048 hunc
250 1987 339 2046 linem
355 1984 545 2066 praeservandi
560 1989 714 2047 animama
731 1987 879 2065 recidivis,

97 2079 232 2161 Apostoli
256 2082 489 2140 communionem
514 2078 713 2160 quotidianam
729 2083 880 2160 primitivis

99 2174 274 2237 Christianis
297 2174 512 2248 concedebant,
538 2178 612 2234 inter
635 2194 707 2254 quas
734 2177 796 2235 sine
821 2175 881 2237 ulla

100 2267 192 2329 dubio
210 2271 422 2349 reperiebantur
438 2268 569 2329 similiter
584 2268 762 2349 imperfecti,
779 2279 808 2330 et
822 2270 881 2331 for·

100 2370 178 2423 tasse
194 2359 430 2440 imperfectiores,
452 2367 484 2417 ut
497 2363 623 2436 arguitur
637 2379 673 2420 cx
689 2360 814 2438 epistolis
824 2362 879 2421 SS.

101 2453 187 2515 Pauli
206 2462 235 2513 et
258 2452 368 2514 Jacobi.
396 2451 429 2509 S.
447 2448 571 2510 Ecclesia
605 2452 662 2517 (iu
680 2449 881 2510 Postcommu·

102 2550 192 2611 nioue
209 2548 298 2607 Dum.
310 2543 439 2621 xxm,
456 2554 520 2625 past
537 2543 747 2615 Pentecosten)
771 2554 832 2606 orat
845 2562 881 2610 ut

101 2643 248 2722 quicquid
268 2641 302 2701 in
317 2655 424 2701 nostra
445 2654 545 2701 mente
560 2640 701 2701 vitiosum
713 2654 778 2716 est,
796 2641 878 2704 dana

101 2735 316 2799 medicationis
336 2735 428 2808 nujus
450 2734 643 2795 Sacramenti
659 2748 800 2794 curetur.-
815 2754 880 2809 ergo

102 2832 270 2890 communia
284 2827 338 2887 fuit
360 2828 487 2886 instituta
508 2829 594 2887 etiam
616 2846 666 2905 pro
687 2826 879 2903 imperfectis,

102 2932 137 2983 ut
152 2922 256 2981 virtute
275 2920 363 2997 hujus
377 2922 433 2980 eibi
449 2930 594 2980 sanentur.
614 2914 782 2976 Notandum
798 2917 879 2977 insu·

102 3035 154 3101 per
167 3025 209 3077 est
231 3014 260 3074 id
279 3014 358 3095 quad
376 3013 409 3073 S.
433 3012 599 3074 franciscus
616 3007 742 3068 salesius
765 3010 794 3068 in
820 3029 872 3073 sua
