1956 3608
106 164 108 169 ’
199 173 227 245 §.
241 190 286 232 rv.
307 187 393 230 cruca
408 188 521 230 ruurcrs
537 188 697 231 orrrcrurr.
788 178 837 257 tq'

53 285 124 344 ruiae
139 291 302 361 peccatum,
318 283 536 361 pereavitetiam
547 279 692 341 scandalo.
703 280 830 345 Demum

54 372 105 434 lric
121 370 199 433 addo
210 392 278 433 cum
296 371 423 453 quodam
438 371 521 434 docto
535 382 670 447 auctore,
694 373 833 455 blasphe-

56 474 184 524 matores
200 483 260 523 non
274 466 402 525 excusari
418 484 434 523 a
456 474 570 543 peccato
588 467 690 541 gravi,
707 466 832 546 eoquod

57 564 175 637 propter
204 557 264 614 vim
288 554 405 615 habitus
427 555 520 628 mali,
558 564 608 615 aut
630 555 832 619 vehementem

57 650 150 709 animi
158 650 379 708 commotionem
391 647 428 708 ad
440 651 511 708 iram
521 692 531 724 ,
543 668 601 707 non
612 646 785 711 adverterint
793 650 833 711 ad

58 742 91 804 id
103 742 183 825 quod
197 742 332 804 dicebant
347 764 356 815 ς
369 747 437 822 quia
452 742 482 803 lri
499 743 573 802 male
585 742 726 804 habituati
740 787 749 817 ‚
771 745 835 807 licet

58 836 187 899 habeant
199 839 390 912 cognitionem
414 838 510 895 minus
529 839 657 895 vivacem
676 837 758 913 aliia,
783 842 835 919 qui
922 850 935 871 ·

58 950 148 992 usum
171 926 392 1008 blasphemandi
412 948 470 987 non
492 938 714 1004 contraxerunt,
738 940 836 991 tamen

57 1042 176 1103 semper
188 1021 296 1082 habent
308 1040 371 1080 eam
390 1022 528 1082 actualem
548 1024 737 1100 cognitionem
756 1020 837 1085 suffi-

15 1160 25 1185 .
57 1122 185 1181 cimtem
200 1114 324 1191 adhoc,
339 1126 371 1177 ut
381 1126 462 1177 actua
474 1120 511 1176 sit
524 1115 715 1192 deliberatus,
732 1122 837 1196 etgra-

59 1215 137 1275 viter
160 1212 397 1296 peccaminosus:
420 1231 486 1271 cum
502 1213 579 1269 enim
598 1213 650 1290 ipsi
675 1216 745 1273 tanti
768 1214 837 1275 mali

58 1324 121 1367 nou
132 1306 242 1366 iaciunt
255 1313 418 1384 peccatum,
431 1301 495 1366 ideo
506 1306 536 1363 in
550 1323 601 1364 suo
613 1308 711 1365 animo
721 1306 835 1369 nullum

57 1400 151 1478 lrujua
166 1398 278 1460 sceleris
291 1417 406 1458 sensum
425 1403 628 1479 experiuntur,
645 1402 728 1461 sicuti
742 1406 837 1482 perci-

59 1505 141 1577 peret
155 1494 251 1571 alius‚
271 1497 409 1575 quiesset
430 1497 609 1555 conscientiae
625 1515 683 1555 non
705 1506 763 1557 tam
782 1498 839 1559 de·

59 1599 213 1669 pravatae3
237 1599 265 1647 et
282 1587 350 1649 lrinc
366 1591 454 1648 oritur
466 1587 546 1667 quod
560 1591 590 1646 in
606 1608 704 1647 eorum
720 1603 837 1669 mente,

60 1703 103 1745 ne
112 1688 224 1762 signum
236 1680 354 1763 quidem
366 1690 511 1742 remaneat
522 1681 640 1742 actualis
650 1686 839 1764 cognitionis,

61 1796 153 1858 quarn
175 1780 206 1838 in
228 1786 341 1857 peceato
363 1775 552 1836 habuerunt:
573 1785 624 1835 aut
640 1778 664 1835 si
684 1780 837 1858 vestigium

61 1866 182 1950 aliquod
193 1869 363 1947 cognitionis
377 1867 568 1945 relinquitur,
587 1878 630 1927 est
648 1871 686 1928 ita
703 1869 786 1945 leve,
804 1881 838 1933 ut

61 1964 227 2040 interrogati
241 1960 361 2022 faciliter
377 1958 567 2038 respondeant
583 1980 612 2019 se
628 1979 686 2020 non
701 1963 840 2024 animadt·

61 2061 202 2127 vertisse3
215 2054 266 2115 sed
279 2055 399 2135 diligens
412 2054 611 2114 Confessarius
623 2055 732 2115 nullam
745 2061 774 2117 in
785 2060 839 2123 hoc

62 2152 152 2213 debet
164 2152 206 2210 eis
220 2160 350 2229 prestare
364 2149 468 2221 lidem3
483 2160 511 2209 et
527 2169 620 2230 neque
633 2149 717 2211 debet
728 2154 765 2212 ab
776 2157 839 2217 istis

60 2247 216 2320 sciscitari,
231 2264 268 2304 an
283 2244 458 2306 adverterint
469 2263 521 2304 nec
535 2263 589 2318 ne,
604 2244 654 2304 sed
666 2248 836 2327 accipienda

62 2350 134 2404 aunt
149 2356 268 2412 omnes,
282 2346 315 2397 ut
329 2356 396 2397 vere
407 2336 589 2417 blasphemiae
603 2338 746 2416 actuales,
760 2362 837 2403 sem-

62 2452 117 2516 per
129 2452 163 2493 ac
182 2432 235 2509 ipsi
248 2431 375 2491 sciebant
388 2428 457 2489 tales
471 2449 542 2489 esse.

104 2528 157 2591 32.
189 2525 283 2584 Grnca
302 2526 348 2585 ttl
367 2528 570 2602 Proeceptum.
599 2525 704 2604 Quoad
723 2527 835 2611 obliga*

63 2622 174 2682 tionem
189 2614 325 2678 audiendi
339 2636 450 2677 saemm
465 2615 564 2676 diebus
575 2618 653 2678 festis
664 2661 673 2693 ‚
685 2621 837 2703 interroget

62 2714 277 2786 Poeuitentem,
295 2711 318 2769 si
335 2709 484 2788 aliquoties
504 2729 614 2771 sacmm
632 2715 786 2776 omiserit?
807 2730 838 2783 et

61 2812 90 2871 ai
113 2807 267 2868 adverterit
291 2803 329 2865 ad
354 2806 535 2865 omissionem
557 2805 570 2865 i
592 2815 642 2865 aut
663 2804 838 2874 dubitaverit

59 2912 196 2982 tempore
215 2921 272 2980 quo
296 2920 406 2960 sacrum
433 2896 531 2958 audire
555 2900 695 2977 poterat?
719 2902 833 2967 Etenim

61 2995 216 3061 multoties·
232 2993 375 3053 Poenitens
401 2989 437 3050 ad
462 2990 562 3050 horam
585 2988 697 3051 tardam
720 3010 832 3060 sacrum

61 3086 167 3153 audire
181 3083 331 3165 differens,
345 3085 411 3148 licet
424 3103 491 3146 casu
506 3084 639 3165 repererit
652 3102 790 3170 sacrum„
805 3101 839 3156 et,

692 3181 726 3246 Q
