1956 3608
170 239 238 284 ctu.
251 208 284 286 v}
295 240 361 284 cmr
370 237 553 285 curruum
565 242 606 284 rc
619 240 784 286 rrcrururs.
809 226 863 287 roi

87 329 158 391 dam
178 350 233 393 usu
250 333 296 411 pio
318 350 349 393 se
362 332 517 394 confitendi
539 336 570 393 in
586 326 731 413 aliquibus
752 341 866 413 tempo-
893 380 898 389 .

88 425 191 496 ribus,
209 433 291 504 prout
309 422 356 485 die
370 423 537 484 Natiuitatis
550 423 688 498 Domini,
709 426 739 483 in
754 422 868 483 festivi-
974 438 977 447 ’

88 516 195 577 tatibus
206 517 355 598 Deiparae,
372 526 401 577 et
411 516 552 578 similibus
564 537 572 587 ;
586 515 800 597 nequccocedit
810 519 867 577 im·

88 609 189 690 pulsus
208 631 224 671 a
243 613 430 691 parentibus,
452 608 621 686 adomiuo,
643 621 693 671 aut
706 608 864 688 magistr03

88 701 137 762 sed
156 705 236 763 venit
255 704 375 763 omniuo
384 712 517 784 sponte,
543 713 571 762 et
590 723 657 763 vere
672 706 825 783 inspiratus
845 725 864 765 a

87 793 189 857 divino
221 795 355 869 lumine,
381 795 418 855 ad
442 795 535 856 solum
560 796 649 855 finem
672 807 718 855 ut·
734 795 867 857 divinam

87 891 209 966 gratiam
225 891 360 967 recipiat:
374 890 528 967 praesertirn
543 890 567 948 si
582 886 620 949 ad
631 906 660 947 se
669 888 865 950 confitendum

86 980 205 1060 longum
221 983 275 1041 iter
287 1000 432 1059 aggressus
445 981 551 1059 fuerit,
568 983 740 1043 abstinuerit
753 1003 769 1042 a
788 980 868 1047 lucro

87 1073 235 1148 notabili,
261 1093 347 1152 grave
366 1072 531 1141 sustinuerit
554 1074 790 1153 incommodum,
813 1084 867 1136 aut

86 1185 226 1244 magnum
241 1165 406 1227 conflictum
420 1170 565 1227 internum
582 1168 628 1228 vel
643 1177 792 1228 externum
811 1187 866 1227 su-

86 1261 240 1342 peraverit.
258 1260 312 1320 vl.
328 1260 360 1319 Si
374 1262 484 1320 venerit
496 1271 591 1320 motus
606 1261 643 1320 ab
657 1258 753 1341 aliquo
769 1270 867 1321 extra·
908 1248 912 1255 ¹

86 1353 388 1433 ordinario‘impulsm
405 1364 473 1434 puta
484 1356 521 1415 ob
534 1357 699 1416 concionem
713 1353 867 1434 auditam,

86 1457 138 1509 aut
157 1456 276 1507 mortem
294 1450 397 1524 amici,
416 1451 489 1509 obre
503 1459 611 1511 metum
627 1450 748 1526 alicujus
768 1453 866 1510 immi·

85 1540 182 1599 nentis
200 1537 323 1616 flagelli,
346 1551 428 1619 prout
443 1551 524 1599 terrae
538 1551 658 1615 motus,
682 1544 786 1620 pestis,
808 1552 863 1604 etc.

81 1633 157 1693 Vll.
181 1632 214 1693 Si
225 1632 370 1693 Poeuitens
381 1632 550 1693 confiteatur
560 1643 671 1712 peccata
679 1637 805 1705 anterius
813 1654 865 1714 per

85 1725 290 1787 verecundiam
312 1729 406 1789 taciia.
432 1727 516 1786 vllt.
540 1726 572 1786 Si
588 1726 756 1800 Poenitens‚
777 1737 865 1787 ante-

85 1838 175 1899 quarn
189 1818 325 1893 accedat,
338 1821 489 1878 restituerit
503 1838 580 1893 rem,
596 1818 641 1879 vel
657 1818 763 1879 samam
778 1819 867 1880 abia-

85 1919 158 1971 tarn.
173 1909 230 1970 IX.
247 1909 280 1971 Si
298 1919 411 1989 propter
424 1913 611 1970 monitionem
627 1909 801 1971 Confessarii
815 1930 863 1971 os·

84 1999 179 2072 tendit
192 1997 414 2080 apprehendisse
427 2019 534 2060 novam
550 2002 739 2079 cognitionem
752 2011 781 2061 et
794 2000 864 2062 bor·

84 2113 176 2167 rorem
195 2096 238 2153 sui
253 2096 380 2173 peccati,
398 2093 571 2173 periculique
586 2111 648 2153 suae
660 2090 862 2156 damnationis.

84 2189 142 2249 Alii
154 2188 209 2248 alia
222 2191 300 2266 sigua
309 2187 439 2263 addunt,
450 2191 562 2269 proutsi
571 2188 718 2249 Poenitens
727 2207 863 2266 magnam

84 2281 206 2343 libenter
222 2291 349 2360 acceptat
363 2285 558 2360 poenitentiam
578 2303 587 2352 ς
608 2286 631 2342 si
648 2285 748 2345 asserit
765 2285 863 2363 poeni-

86 2381 173 2438 tuisse
191 2379 296 2456 peccati
318 2377 415 2435 statim
436 2395 469 2435 ac
489 2375 561 2434 iilud
582 2380 728 2454 patravit;
747 2381 770 2435 si
795 2398 863 2456 pro·
905 2444 907 2449 ‚

85 2482 205 2534 testatur
228 2470 302 2532 velie
322 2470 393 2531 mori
417 2471 510 2549 potius
534 2489 622 2549 quam
650 2488 773 2549 peccare.
802 2469 863 2530 Sed

85 2566 145 2628 haec
171 2567 250 2642 signs
279 2566 374 2625 nescio
399 2583 437 2624 an
464 2562 523 2624 sola
551 2566 619 2623 satis
643 2582 705 2624 esse
728 2567 861 2645 possint;

87 2662 181 2740 potius
206 2655 327 2719 dicerem
346 2654 424 2737 quod
444 2667 558 2736 possent
577 2656 722 2719 deservire
744 2657 861 2729 adalia
923 2688 940 2707 -

89 2750 253 2831 adjuvanda
269 2753 347 2829 signa
365 2771 430 2831 quae
445 2750 503 2811 sola
514 2770 572 2811 uon
588 2749 760 2813 sufficerent.

130 2845 179 2922 75.
196 2844 342 2923 Denique,
356 2861 467 2922 semper
476 2842 632 2922 acaliquod
641 2841 859 2920 adestsiguum,
910 2846 917 2859 '

89 2957 145 3017 quo
159 2936 313 3017 prudenter
330 2938 418 3016 possit
435 2935 553 3012 judicari
569 2935 714 2995 Poenitens
732 2944 861 2995 mutasse

90 3031 285 3106 voluntatem,
302 3031 375 3089 bene
385 3027 494 3087 absolvi
509 3037 599 3106 potest
612 3047 620 3098 3
635 3030 769 3107 quamvis
779 3032 858 3090 enim

91 3102 305 3203 destinatius,
329 3133 362 3185 ut
376 3122 565 3186 Poeuiteutern
585 3123 738 3188 absoluere
752 3129 874 3208 possit„

680 3223 715 3286 E
731 3224 756 3288 b
