1956 3608
97 199 158 261 250
316 214 422 257 enixis
445 213 650 256 courusstrnr.

98 316 159 371 tem
174 306 320 368 charitatis
333 318 400 373 suut
421 306 536 366 dicere:
557 310 638 366 Deus
656 326 765 378 meus,
783 325 870 384 super·

97 392 206 463 trinnio
228 417 255 463 te
269 403 396 462 testimo.
432 406 476 462 Tc
498 402 590 481 diligo
612 421 654 460 ex
685 414 746 461 toto
769 400 873 460 corde.

99 496 199 575 Cupio
212 512 239 555 re
257 497 297 553 ob
313 497 458 556 omnibus
478 497 575 575 diligi.
601 495 659 552 Aut
674 513 705 552 se
719 502 812 553 totum
827 491 875 552 di·

98 591 177 650 viua
191 587 333 648 voluntati
349 592 546 662 committere,
567 587 706 648 dicendo:
725 587 874 660 Domine,

89 683 149 758 foc
162 695 195 741 ut
208 704 394 761 cognoscam
408 685 491 762 quod
503 685 555 743 tibi
565 684 602 743 de
617 684 773 757 mcploeet
785 682 876 755 fieri,

101 795 179 835 rtom
194 791 354 855 promptus
366 800 434 837 snm
451 791 545 845 toturn
563 779 701 853 exsequi.
722 775 784 834 tut
797 795 827 834 se
838 778 875 835 ita

99 868 200 931 offerat
216 871 293 945 Deo,
309 875 379 951 quin
392 873 444 930 sibi
461 870 570 950 aliquid
584 880 720 943 reservet,
736 867 874 930 diceudo:

101 964 324 1036 Ecceme31le
346 979 443 1026 meet
466 966 503 1024 de
527 967 562 1024 r'is
584 985 656 1041 quoe
675 965 717 1024 od
740 984 879 1037 munero

99 1055 216 1128 tenent,
236 1057 363 1131 dispone
374 1079 431 1133 pro
448 1071 498 1116 tun
514 1055 680 1116 voluntate.
706 1056 744 1115 Et
758 1055 789 1114 hi
801 1064 880 1116 actus

99 1144 254 1207 oblationis
264 1157 331 1206 sunt
344 1158 425 1207 actus
442 1149 546 1206 auroris
559 1193 567 1223 ,
579 1149 629 1226 qui
642 1145 727 1207 valde
738 1156 804 1206 sunt
817 1148 881 1206 Deo

99 1243 172 1318 grati
189 1262 196 1298 ε
215 1251 359 1321 propterea
381 1244 414 1304 S
430 1241 567 1302 Theresia
593 1243 783 1320 quinquagies
804 1260 881 1319 quo-

100 1334 171 1396 libet
186 1335 231 1394 die
247 1356 277 1394 se
295 1337 356 1395 Deo
370 1335 517 1395 offerebat.
541 1334 599 1394 Sed
617 1339 691 1396 inter
709 1337 780 1395 alios
796 1356 881 1414 praes-

101 1432 212 1491 tantius
223 1433 276 1490 erit
287 1429 379 1488 dicere
394 1451 401 1487 ε
419 1431 567 1504 Gaurion,
584 1435 781 1503 uouemere,
797 1429 882 1508 quod

102 1544 138 1585 es-
157 1525 211 1602 qui
230 1545 281 1598 es,
300 1525 385 1598 {ruod
403 1546 433 1585 es
452 1546 610 1585 scammum
635 1527 752 1585 bouum
765 1524 881 1584 nuttios

103 1618 263 1701 indigens,
277 1633 332 1680 etc.
356 1621 431 1680 Corn
445 1630 540 1682 autem
557 1623 651 1679 anima
664 1629 843 1696 cognosceret
854 1637 882 1677 se

105 1715 333 1794 supernaturali,
352 1718 412 1773 sive
426 1715 520 1774 inlusa
536 1714 728 1775 recollectione
740 1713 880 1773 elevatam

107 1812 164 1875 lut
185 1807 355 1886 explicatum
383 1819 424 1866 est
445 1831 476 1867 n.
508 1809 611 1880 133),
634 1818 701 1867 tunc
718 1827 778 1866 uon
800 1807 881 1867 debet

106 1902 168 1981 spira
188 1902 240 1958 niti
262 1898 388 1986 adalios
409 1911 488 1961 actus
512 1900 677 1971 faciendos,
703 1911 809 1979 praeter
823 1899 882 1959 illos

110 1989 144 2052 ad
161 2013 232 2072 quos
247 1995 332 2052 sentit
348 2014 377 2051 se
392 2015 408 2051 a
426 1994 486 2051 Deo
497 1996 623 2052 suaviter
638 1991 711 2051 trahi
725 2013 733 2063 3
749 2014 816 2052 cum
831 1991 884 2050 de-

9 2128 15 2135 ·
109 2089 172 2149 hear
189 2097 256 2147 tuuc
271 2090 368 2147 animo
381 2086 542 2147 amabiliter
559 2089 669 2145 intento
686 2076 834 2146 attendere
848 2085 882 2146 ad

107 2183 139 2262 id
151 2181 228 2262 quod
247 2183 324 2240 Deus
343 2185 369 2238 in
386 2201 415 2239 se
431 2190 572 2258 operatur.
587 2179 724 2256 Alioquin
740 2181 883 2242 obstaculo

110 2288 203 2361 posset
218 2297 277 2335 esse
297 2276 403 2335 divinae
423 2276 591 2354 operationi.
615 2274 736 2352 Insuper
751 2286 884 2350 notetur,

109 2383 143 2435 ut
156 2371 280 2434 advertit
292 2371 325 2430 S.
341 2371 508 2432 Franciscus
518 2369 664 2441 salesius,
688 2368 765 2446 quod
787 2373 810 2429 si
828 2390 885 2429 un-

109 2489 197 2549 quam
224 2468 347 2546 Spiritus
373 2466 470 2525 Sancti
495 2463 595 2524 afflatu
622 2481 703 2522 meus
725 2473 822 2523 nostra
848 2461 884 2523 ad

110 2560 237 2638 aliquem
254 2561 361 2617 bonurn
386 2557 519 2617 affectunt
542 2567 609 2615 ante
629 2555 883 2617 considerationem

111 2653 249 2711 concitata
262 2650 361 2720 fuerit,
374 2660 457 2719 tuno,
470 2647 629 2727 posthabita
642 2647 885 2721 consideratione,

109 2743 188 2806 locus
206 2739 319 2799 dandus
333 2750 373 2799 est
386 2739 534 2800 aflectibus
548 2763 555 2811 ;
570 2761 637 2800 naut
652 2738 837 2801 consideratio
847 2739 883 2799 ad

111 2837 141 2896 id
156 2835 300 2908 deservit,
326 2844 356 2892 ut
375 2831 492 2893 affectus
514 2838 707 2895 concitentur:
725 2854 815 2912 quare
830 2835 884 2894 ob·

110 2940 189 2993 tento
206 2931 280 3005 line,
303 2928 428 2989 urediorn
440 2927 695 3008 derelinquendum
711 2939 763 2989 est.

151 3047 220 3083 222.
240 3024 311 3082 ltenr
329 3042 510 3102 suroruopere
523 3021 605 3099 juvat
620 3024 768 3100 petitiones
783 3024 812 3080 in
826 3041 885 3080 ora·

89 3121 186 3187 ,tione
211 3126 358 3200 repetere,
384 3138 450 3180 curu
469 3118 631 3180 humilitate
651 3128 679 3177 et
702 3117 807 3178 fiducia
834 3137 883 3178 err·
