1956 3608
196 200 646 275 §.mrourratnstccrnornrr
656 219 764 264 tssrsr.
806 210 861 286 257

96 309 252 390 periculum
266 313 383 385 mortis,
397 309 532 387 lethargi,
548 311 593 371 vel
608 310 697 371 delirii
712 316 866 373 imminens

96 421 153 461 non
177 411 236 475 est,
258 404 361 481 poterit
386 404 412 461 ei
434 402 590 479 indulgere.
618 404 706 463 Curet
722 414 817 465 tamen
836 415 868 466 ut

96 494 144 553 ille
162 493 330 554 determinet
352 505 485 573 tempus,
509 506 575 573 puta
596 517 801 576 vesperarum,
821 497 868 557 vel

96 587 172 647 diem
184 592 337 649 crastinum
352 631 361 662 ‚
375 589 553 649 Conl'essioni
565 588 721 668 explendae.
730 592 761 653 Si
774 602 867 652 tamen

96 682 252 760 periculum
268 685 422 741 imminens
435 692 498 756 est,
514 685 606 762 ipsum
624 704 689 743 curn
705 685 743 742 D.
753 688 869 762 Augus-

96 778 157 835 tino
168 783 299 847 moneat,
312 776 395 854 quod
408 777 487 836 Deus
502 797 560 836 non
575 779 703 856 promisit
714 787 869 855 peccatores

95 880 272 948 exspectare,
287 869 336 928 sed
349 880 459 929 tanturn
472 891 584 949 parcere
593 873 650 942 eis,
665 874 686 928 si
697 874 868 949 poeniteant:

98 963 274 1025 Crastinum
301 985 364 1025 non
391 965 553 1041 promisit,
590 962 724 1035 sortasse
761 966 872 1039 datie,

88 1059 223 1131 fortusse
236 1078 299 1117 non
315 1057 409 1119 dubit.
429 1057 516 1135 Quod
530 1061 553 1119 si
567 1056 661 1118 adhoc
675 1058 808 1117 infirmus
820 1078 872 1120 nec

94 1153 180 1211 etiarn
200 1169 248 1230 per
262 1149 322 1211 baec
347 1153 453 1211 monita
478 1151 515 1211 ad
534 1153 743 1213 confessionem
767 1152 871 1212 adduci

95 1244 205 1320 possit,
230 1240 369 1300 Sacerdos
394 1259 545 1318 nunquam
574 1260 641 1299 eum
669 1241 800 1313 deserat,
824 1243 873 1301 sed

95 1333 273 1414 quandoque
285 1335 410 1407 terroris,
423 1331 596 1413 quandoque
606 1333 718 1395 fidnciae
727 1355 873 1412 argumen-

95 1433 132 1488 tis
147 1437 227 1489 curet
239 1430 333 1508 ipsum
346 1431 515 1507 spergiscere
531 1438 586 1498 ;.et
603 1429 751 1508 provideat
767 1439 798 1488 ut
813 1439 873 1489 tarn

96 1525 238 1601 privatae,
267 1541 355 1599 quarn
372 1521 491 1599 publicae
509 1543 558 1599 pro
571 1522 659 1599 buius
674 1526 768 1583 miseri
783 1522 874 1584 salute

96 1633 192 1694 preces
206 1611 244 1672 ad
259 1612 354 1677 Deum
371 1611 573 1670 adhibeantur.

135 1707 207 1773 233.
228 1706 285 1766 lv.
309 1705 340 1765 Si
367 1706 483 1765 morbus
505 1705 696 1779 increbuerit,
727 1706 875 1765 infirmum

97 1798 224 1861 hortetur
245 1809 277 1859 ut
295 1799 331 1860 de
353 1802 413 1859 suis
434 1798 594 1860 domesticis
615 1801 699 1860 rebus
716 1809 874 1878 opportune

97 1892 231 1974 disponat
247 1913 255 1959 z
278 1892 307 1952 id
321 1896 398 1953 enirn
414 1892 528 1972 expedit
546 1914 594 1972 pro
609 1892 725 1953 familie
742 1912 830 1970 pace,
848 1904 876 1952 et

98 2007 131 2049 eo
151 1990 243 2063 magis
265 1990 288 2045 si
310 2007 381 2066 opus
403 1990 439 2046 sit
461 2007 511 2066 pro
528 2007 586 2047 sure
602 1988 782 2047 conscientiae
798 1986 878 2046 leva*

98 2085 188 2142 ruine.
217 2080 251 2139 ln
270 2079 323 2140 hoc
341 2079 437 2141 tamen
457 2080 585 2141 sacerdos
607 2080 706 2140 sedulo
719 2089 818 2140 caveat
841 2098 878 2138 ne

99 2178 159 2257 ipse
182 2178 212 2233 in
235 2174 362 2254 aliquam
381 2175 450 2235 lucri
469 2185 567 2239 notam
588 2174 705 2235 incidat.
731 2173 761 2234 Si
778 2183 876 2233 autern

100 2279 219 2349 aegrotus
241 2268 341 2328 fratres
366 2269 413 2327 vel
436 2280 543 2329 sorores
567 2269 725 2347 indigentes
750 2268 879 2343 babeat,

99 2372 216 2425 moneat
238 2365 332 2441 ipsum
354 2361 407 2418 sub
427 2364 506 2436 gravi
531 2361 701 2438 obligatione
716 2365 805 2420 teneri
824 2360 880 2419 illis

101 2458 177 2519 bona
192 2475 243 2516 sua
256 2455 436 2532 relinquere,
450 2452 567 2525 saltem,
581 2453 659 2530 quod
671 2452 708 2512 ad
718 2472 815 2512 eorum
829 2471 881 2511 ne-

101 2554 260 2632 cessitatem
274 2547 484 2609 sublevandam
498 2543 613 2607 sufficit.
630 2547 699 2608 Haec
708 2556 805 2606 tamen
814 2566 881 2624 gra-

102 2648 147 2706 vis
161 2644 296 2720 obligatio
310 2663 368 2701 non
380 2641 494 2703 videtur
508 2662 605 2720 urgere
620 2663 671 2723 pro
686 2642 881 2703 remotioribus

104 2739 282 2819 propinquis.
310 2736 439 2796 Observa
459 2735 538 2814 quod
561 2736 728 2796 dictumest
747 2738 776 2794 in
798 2753 881 2812 opere

106 2834 198 2890 Tum.
213 2835 247 2904 l,
262 2830 343 2891 titus
355 2873 364 2902 ,
377 2852 463 2890 num.
475 2830 544 2907 946.
561 2828 592 2887 Si
606 2849 673 2887 vero
687 2837 805 2902 aegrotus
820 2826 883 2885 vult

106 2944 157 3003 pro
171 2942 221 2983 sua
234 2925 329 2982 anima
343 2922 459 3001 aliquod
476 2925 588 2991 testari,
610 2924 703 2997 ipsum
719 2927 834 2974 moneat
845 2937 881 2978 ne

107 3037 180 3077 onus
204 3014 274 3075 illud
297 3014 457 3073 heredibus
478 3016 626 3089 imponat3
646 3012 713 3087 quia
732 3012 881 3087 experien-

109 3113 146 3176 tia
161 3109 243 3170 docet
262 3108 366 3185 legatos
386 3110 446 3186 pios
462 3124 533 3186 pene
547 3103 641 3166 nullos
657 3101 810 3177 satisfieri3
832 3103 881 3165 sed
