1956 3608
150 209 207 276 108
365 231 472 276 rnrxrs
487 228 694 277 conrnssrrrr.

147 328 210 382 tens
228 319 353 400 relapsus
366 331 410 380 est
427 341 462 382 ex
480 321 631 399 fragilitate
648 322 800 381 intrinseca
814 365 824 398 ,
837 326 924 402 prout

145 411 248 475 accidit
272 415 302 473 in
327 417 448 494 peccatis
466 417 532 488 irae,
549 413 630 488 odii,
655 413 922 495 blasphemiarum,

145 507 351 580 mollitiamm,
365 518 414 569 aut
422 506 643 570 delectationum
655 527 832 569 morosamm
840 551 850 583 ,
858 506 923 569 dico

145 619 212 662 cum
239 602 379 661 sententia
403 603 639 663 communissima
664 599 821 661 Doctorum
846 603 923 674 (ri,

145 691 223 774 quod
231 713 294 754 raro
302 694 432 776 expediat
441 693 552 761 differre
560 693 766 756 absolutionem
779 692 923 769 recidivo,

145 806 210 849 eum
226 787 272 847 ille
285 798 328 849 est
341 787 495 869 dispositus
508 808 517 860 3
532 808 601 849 uam
614 790 720 868 sperari
733 785 820 847 debet
830 786 921 866 magis

145 883 265 960 gratiam
284 882 483 958 sacramenti,
505 902 593 963 quarn
610 881 776 943 dilationem
800 880 921 943 absolu·-

146 977 234 1037 tionis
244 976 285 1036 illi
300 976 431 1056 prodesse
445 996 535 1056 poste.

186 1087 235 1147 77.
251 1071 323 1131 Dico
331 1093 372 1132 ers
375 1072 545 1150 fragilitate
553 1070 735 1141 intrinsecm
745 1068 830 1131 aliter
841 1070 919 1130 enim

144 1160 288 1239 agendum
302 1183 367 1226 curu
382 1183 416 1225 eo
435 1166 485 1243 qni
500 1163 626 1242 relapsus
637 1173 681 1223 est
693 1165 731 1223 ob
741 1165 919 1239 ormsipneru

144 1259 351 1334 extrinsecam,
366 1260 500 1338 quamvis
512 1260 698 1319 necessariam
709 1277 718 1329 ;
730 1259 921 1319 namoccasio

144 1352 316 1413 vivaciorem
332 1355 436 1413 excitat
445 1355 721 1431 concupiscentiam,
734 1361 764 1412 et
773 1352 920 1432 complicis

144 1449 291 1525 prasentia
306 1446 504 1506 vehementius
519 1465 618 1506 sensns
630 1456 813 1523 commovet,
828 1456 858 1507 et
871 1450 920 1507 in·

144 1543 294 1600 lentiorem
309 1539 403 1601 reddit
419 1539 550 1602 affectum
568 1539 605 1601 ad
618 1539 918 1622 peoeandum,.quaru

142 1633 228 1696 faciat
245 1655 352 1715 pravus
365 1635 479 1697 habitus
493 1638 663 1697 intrinsecus
678 1658 687 1706 ;
703 1646 732 1695 et
746 1634 810 1697 ideo
824 1636 919 1697 Poerti-

143 1737 207 1790 tens
226 1731 257 1790 in
277 1733 421 1792 (roratione
443 1734 598 1792 extrinseca
621 1749 756 1808 magnam
781 1731 837 1791 sibi
858 1734 919 1792 vim

144 1823 247 1884 inferre
260 1822 343 1884 debet
357 1866 366 1897 ,
389 1844 447 1883 non
462 1834 575 1884 tanturn
590 1823 626 1885 ad
643 1823 837 1905 superandam
854 1837 919 1887 ten·

143 1919 300 1993 tationem,
315 1916 464 1978 sedetiam
478 1918 515 1978 ad
531 1939 561 1979 se
575 1919 782 1982 removendum
796 1942 814 1981 a
829 1921 920 1983 lami-

143 2010 265 2072 liaritate
278 2022 305 2072 et
321 2016 468 2092 prasentia
482 2014 647 2093 complicis,
661 2023 695 2074 ut
710 2014 869 2094 periculum
882 2030 918 2077 err

144 2109 274 2187 proximo
288 2106 422 2167 reddatur
439 2118 594 2168 remotum·
614 2109 650 2168 lit
663 2118 744 2169 tanto
760 2114 852 2189 magis
865 2110 917 2173 hoc

146 2200 290 2281 procedit,
314 2206 337 2261 si
359 2204 466 2262 occasio
485 2212 529 2261 est
547 2202 726 2274 uoluntaria,
757 2214 786 2264 et
799 2208 920 2267 omniuo

145 2297 247 2357 auferri
262 2295 344 2354 debet
358 2315 366 2364 ;
380 2296 448 2374 quia
462 2305 530 2356 tunc
539 2298 677 2376 recipiens
691 2297 917 2376 absolutionem,

144 2401 299 2472 antequam
327 2393 502 2451 occasionem
531 2393 692 2467 amoverit,
731 2405 862 2455 remanet
885 2397 934 2455 iut

142 2506 249 2564 magno
261 2485 384 2564 periculo
396 2485 543 2563 frangendi
563 2487 737 2565 propositum
753 2486 862 2549 lactum
879 2487 918 2550 tle

143 2579 192 2639 illa
217 2578 409 2651 removenda,
434 2589 517 2659 prout
537 2578 713 2640 ostendimus
736 2582 766 2640 in
790 2582 918 2662 capitulo

143 2670 334 2755 precedenti,
351 2691 433 2731 num.
445 2675 494 2735 dr.
513 2673 703 2749 liconverso‚
717 2675 747 2733 ia
762 2685 916 2736 consuetu·

145 2758 258 2833 dinario
273 2768 310 2828 ob
324 2786 439 2829 causam
454 2770 636 2830 intrinsecam
656 2772 791 2830 remotius
805 2781 848 2833 est
858 2791 917 2853 pe·

144 2862 264 2926 ticulum
278 2859 404 2921 rimandi
419 2865 614 2941 propositum,
630 2860 701 2922 durn
714 2883 750 2923 err
764 2883 827 2926 uua-2
835 2874 919 2946 parto

144 2976 203 3019 uon
220 2955 300 3017 adest
313 2959 455 3033 objectura
470 2959 659 3018 extrinsecum
672 2955 750 3038 quod
769 2966 832 3021 tam
847 2959 916 3041 uio-

175 3145 215 3214 (r)
232 3139 299 3195 ibid.
314 3155 341 3195 r·
353 3140 388 3193 Ut
398 3147 500 3196 sutem.

175 3226 180 3235 ι
