1956 3608
225 198 254 276 S.
268 217 315 263 rr.
330 212 417 259 emor
429 215 544 258 roorcrs
558 214 718 258 orrrcrorr.
818 220 856 279 97

85 308 165 370 xima
184 309 347 383 occasione,
365 308 498 387 quamvis
515 308 691 382 necessaria,
708 316 737 367 et
752 326 862 387 quarn·

86 405 132 464 vis
140 401 359 465 extraordinaria
375 404 454 480 signa
466 401 570 463 doloris
579 402 737 478 baberent,
749 421 860 483 semper

85 517 120 559 ac
133 496 206 557 mibi
220 517 278 557 non
292 495 487 557 ostenderetur
502 495 629 577 specialis
645 500 796 560 necessitas
811 516 861 559 eos

86 592 185 651 stetim
207 588 395 661 absolvendi3
421 590 510 651 etsie
536 609 637 651 censeo
658 590 748 652 multo
771 594 862 670 magis

87 682 222 766 prodesse
245 684 450 745 Preuitentium
464 683 560 745 saluti.
585 685 705 745 Utinam
721 695 750 745 et
761 704 863 747 omnes

87 776 862 858 CmtessartisicetiamsegererenrJOhtquotpecota

86 876 286 946 evitarentnr,
310 881 341 931 et
362 881 432 950 quot
450 870 514 932 aliae
536 871 716 932 salvarentur
735 873 862 935 animae!

87 968 200 1049 ltepeto
213 964 291 1047 quod
307 984 390 1045 supra
405 963 484 1025 dixi:
500 967 549 1026 ubi
560 968 655 1045 agitur
665 964 704 1025 de
717 963 865 1027 liberando

88 1062 251 1123 Punitente
267 1080 284 1120 a
302 1069 414 1141 peccato
427 1060 562 1135 formali,
581 1062 623 1121 uti
640 1058 726 1123 debet
737 1060 865 1125 Confes-

87 1160 182 1219 aarius
204 1155 386 1236 opinionibus
409 1155 644 1233 benignioribus,
666 1158 698 1216 in
720 1165 864 1234 quantum

86 1250 246 1314 christiana
260 1247 410 1329 prudentia
424 1248 575 1320 conoedit;
589 1248 639 1309 red
653 1250 705 1309 nbi
718 1252 866 1330 opiniones

88 1344 223 1420 benigne
246 1339 400 1421 periculum
426 1342 531 1421 peccati
556 1339 683 1403 formalis
708 1343 866 1422 proximius

89 1433 235 1508 reddunt,
256 1440 339 1512 prout
354 1434 386 1492 in
401 1431 455 1494 hac
472 1434 591 1494 materia
605 1436 785 1495 occasionum
803 1452 867 1514 pro

88 1533 235 1592 ximamm
243 1527 365 1605 aoeidit,
377 1526 440 1589 dieo
449 1532 569 1589 omnino
579 1528 729 1609 expedire,
739 1539 767 1591 et
774 1550 869 1610 quan·

90 1622 188 1704 doque
201 1630 347 1702 oportere,
361 1619 441 1702 quod
455 1621 653 1682 confessarius
664 1627 811 1682 sententiis
825 1626 868 1684 ri-

90 1716 248 1799 gidioribus
269 1725 388 1787 utatnr;
412 1725 480 1777 tunc
503 1718 584 1777 enim
607 1715 653 1777 be
672 1715 758 1777 valde
779 1720 888 1797 magis'

83 1821 212 1895 ¹prosunt
229 1814 394 1872 animarum
412 1809 508 1871 saluti.
531 1809 619 1892 Quod
632 1813 655 1871 si
670 1821 767 1873 autem
783 1814 870 1892 quia,
950 1894 956 1903 ι

91 1904 240 1969 manendo
252 1907 283 1964 in
298 1906 444 1965 occasione
457 1907 630 1979 necessaria,
648 1925 758 1987 semper
767 1906 869 1969 eodem

92 1999 181 2063 modo
204 1997 394 2072 relaberetur,
411 1999 497 2057 etiam
520 1996 652 2057 remediis
672 1996 826 2075 adhibitis,
841 2009 870 2062 et

93 2092 208 2155 modica
223 2100 379 2171 superesset
392 2109 456 2172 spes
471 2088 701 2167 emendationis,
723 2101 793 2152 tunc
806 2091 870 2153 dico

92 2188 215 2249 omnino
230 2184 295 2246 huic
305 2183 466 2264 negandam
480 2183 687 2246 absolutionem
703 2186 870 2267 priusquam

94 2281 273 2343 mersionem
287 2278 368 2363 tollat
381 2278 442 2354 (r).
464 2280 502 2340 Er
517 2278 565 2339 bic
578 2298 639 2339 reor
651 2282 756 2340 instare
767 2280 872 2341 Evan-

94 2373 163 2455 getii
189 2380 386 2453 praeoeptum:
414 2371 448 2431 Si
470 2371 577 2432 oculus
599 2372 799 2433 scandalizor
817 2387 872 2448 te,

91 2468 172 2543 eiice
185 2489 257 2529 eum
271 2470 329 2538 (2).
345 2465 470 2542 Excepto
479 2482 547 2525 casu
562 2483 620 2543 quo
634 2463 779 2525 Poenitens
792 2466 872 2544 signa

96 2558 206 2622 doloris
216 2556 375 2619 ostenderet
389 2569 448 2618 tam
462 2555 702 2635 extraordinaria,
716 2557 796 2639 quod
806 2574 873 2643 pou

94 2662 143 2715 aet
157 2652 269 2732 concipi
282 2648 407 2730 prudens
420 2668 483 2731 spes
496 2648 703 2712 emendationis
717 2652 774 2723 (3).

136 2827 177 2886 (ι)
194 2822 259 2877 lbid.
277 2838 353 2876 num.
371 2827 430 2889 457.
532 2826 570 2888 (a)
589 2820 675 2877 Murci
686 2841 717 2890 9,
737 2824 780 2889 4⁰·

132 2903 178 2972 (3)
196 2903 252 2958 Lib.
264 2908 295 2969 6,
309 2921 387 2959 num.
398 2902 447 2971 456
455 2940 465 2969 ,
482 2904 510 2957 in
522 2902 586 2957 fine.
