1956 3608
101 219 161 282 258
325 230 429 274 enaxrs
449 218 653 273 concussum.

101 329 196 405 potius
222 321 371 393 hortetur,
398 329 429 378 ut
451 317 567 398 aliquod
588 337 689 398 corpus
709 317 870 399 reb'nquat,

51 422 56 429 ’
101 421 293 499 autpeeunire
307 434 474 487 sommam,
494 411 530 473 ad
545 413 682 503 sacrificia
696 452 708 488 ς
728 425 779 476 aut
792 415 871 474 aiiam

101 515 178 592 piam
194 528 305 590 operam
318 504 548 586 persolvendam,
571 508 680 567 Caveat
694 508 823 568 sacerdos
836 525 871 565 ne

101 603 230 664 consulat
244 600 388 673 infirmis,
409 597 546 679 quicquid
562 598 624 658 aliis
640 599 805 677 praejudicio
817 618 873 658 esse

100 707 211 776 potest,
235 715 301 754 curn
321 693 427 754 Christi
450 695 594 753 ministros
611 713 669 753 uon
687 694 785 756 deceat
802 693 872 754 alio-=

100 811 165 851 rum
178 789 277 850 odium
296 789 349 847 sibi
363 808 551 849 commovere.

138 887 210 957 234.
232 886 269 945 V.
294 884 369 942 Cum
384 881 519 956 rudibus,
533 881 602 940 dnm
616 891 696 942 actus
707 880 872 943 christianos

100 981 141 1038 eis
152 981 287 1055 suggerit,
300 978 414 1053 gattico,
428 980 487 1036 imo
498 976 772 1056 vernaculosemper
781 966 873 1056 loqua-

100 1083 147 1131 tur
159 1089 299 1131 sermone.
313 1073 390 1131 Cum
400 1072 531 1131 litteratis
541 1079 657 1142 contra,
673 1073 874 1150 comptioribus
908 1078 911 1083 “

99 1166 214 1239 verbis,
239 1175 268 1225 et
286 1165 435 1246 aliquoties
457 1166 545 1224 etiam
566 1162 663 1223 latinis
684 1173 713 1223 et
729 1164 871 1244 Scriptura

100 1264 241 1340 exceptis,
255 1260 303 1320 sed
316 1263 452 1322 brevibus
463 1257 638 1318 sententiolis
653 1268 760 1318 utatur.
775 1261 873 1320 Monet

24 1378 28 1387 ¹
99 1364 197 1414 tamen
213 1356 330 1427 rituale,
354 1374 392 1413 ne
407 1353 545 1415 Sacerdos
560 1355 648 1411 nimis
661 1352 829 1433 loquendo,
849 1362 884 1414 et'

99 1450 203 1510 crebris
219 1449 383 1522 sententiis,
402 1458 433 1506 ut
450 1447 539 1525 aliqui
561 1446 674 1522 solent,
695 1447 813 1507 infirmo
826 1470 873 1528 po·

99 1545 155 1600 tius
168 1551 253 1620 caput
264 1539 406 1601 obtundat
421 1583 428 1615 ,
442 1559 532 1620 quam
544 1540 674 1616 adjuvet.
688 1538 772 1600 Pater
781 1541 873 1602 Recu-

98 1635 176 1713 pirus
196 1653 213 1692 e
236 1635 367 1693 societate
385 1633 479 1706 Jesu,
502 1630 539 1691 de
555 1635 647 1711 seipso
663 1630 770 1708 refert,
794 1635 872 1712 morti

97 1730 260 1807 proximum
270 1726 408 1807 quicquid
421 1730 447 1787 ei
459 1725 626 1800 dicebatur,
638 1746 698 1786 non
707 1726 871 1807 intelligere,

98 1819 149 1878 sed
160 1829 272 1879 tantum
286 1819 432 1898 quoddam
449 1819 602 1880 molestum
613 1839 746 1879 murmur
756 1840 765 1891 ς
776 1822 871 1897 itaut,

99 1930 136 1970 ne
154 1915 243 1989 magis
259 1923 345 1990 caput
359 1912 514 1985 lederent,
535 1921 647 1973 coactus
662 1916 823 1990 rogaverit,
842 1920 872 1973 ut

98 2002 224 2082 aliquam
238 2004 333 2062 verbis
347 2021 456 2062 moram
473 2007 692 2081 interponerent.

139 2096 209 2158 235.
229 2099 287 2161 Vl.
307 2099 411 2156 Protei
424 2117 528 2175 parvas
541 2096 650 2156 Christi
669 2096 790 2158 Domini
812 2117 871 2160 cru·

98 2189 175 2250 cifixi
194 2191 340 2267 beataeque
365 2189 491 2264 Virginis
515 2190 677 2264 imagines,
702 2208 776 2267 quas
794 2194 871 2267 juata

99 2278 247 2339 infirmum
262 2281 367 2358 apponi
380 2281 539 2352 curaverit,
553 2281 577 2337 si
591 2278 652 2338 fieri
668 2289 777 2358 potest,
789 2285 872 2343 etiam

97 2374 136 2433 ob
147 2372 243 2434 oculos
257 2376 320 2450 ejus
334 2373 468 2435 collocare
481 2372 565 2435 faciat
582 2375 720 2451 imagines
741 2375 870 2457 Deiparae

98 2478 127 2528 et
139 2467 339 2549 Redemptoris
352 2469 469 2548 majoris
490 2469 596 2544 molis,
617 2478 649 2527 ut
671 2471 710 2529 sic
731 2482 873 2548 egrotus,

99 2582 270 2640 quocunque
285 2583 315 2622 se
327 2574 444 2639 vertat,
465 2583 513 2623 eas
527 2582 641 2622 cernere
655 2564 742 2642 possit
755 2604 765 2639 ,
776 2575 806 2625 et
819 2562 873 2625 iliis

98 2675 128 2714 se
139 2655 350 2715 commendare.

140 2750 209 2810 236.
231 2749 301 2808 VH.
328 2749 412 2810 Curre
432 2753 458 2809 ei
483 2755 570 2814 etiam
593 2755 630 2812 sit
652 2762 685 2812 ut
706 2752 744 2812 ab
764 2755 873 2815 infirmi

98 2843 229 2906 cubiculo
244 2843 395 2926 periculosa
417 2845 526 2923 obiecta
542 2856 767 2920 removeantur,
782 2850 879 2912 veluti·

98 2960 201 3014 arma,
224 2941 361 3016 imagines
381 2961 482 3020 parurn
503 2939 651 3014 honesta,
674 2951 702 3000 et
717 2947 873 3021 presertim

99 3054 224 3113 persone
241 3056 304 3115 quae
329 3036 426 3115 aliquo
450 3035 534 3097 ruodo
562 3039 735 3096 occasionem
766 3042 874 3117 peccati

92 3128 220 3210 prebere
241 3141 358 3214 possunt
373 3151 381 3204 3
395 3141 425 3191 er
436 3133 497 3192 iste
510 3150 569 3195 non
584 3132 704 3193 soiuma
720 3133 873 3209 cubiculo,
