<?xml version="1.0" encoding="UTF-8"?>
<!DOCTYPE html PUBLIC "-//W3C//DTD XHTML 1.0 Transitional//EN"
    "http://www.w3.org/TR/xhtml1/DTD/xhtml1-transitional.dtd">
<html xmlns="http://www.w3.org/1999/xhtml" xml:lang="en" lang="en">
 <head>
  <title>
</title>
<meta http-equiv="Content-Type" content="text/html;charset=utf-8" />
  <meta name='ocr-system' content='tesseract 3.04.00' />
  <meta name='ocr-capabilities' content='ocr_page ocr_carea ocr_par ocr_line ocrx_word'/>
</head>
<body>
  <div class='ocr_page' id='page_1' title='image "./praxiaconfessar00ligugoog/praxiaconfessar00ligugoog_0139.png"; bbox 0 0 1956 3608; ppageno 0'>
   <div class='ocr_carea' id='block_1_1' title="bbox 97 206 645 271">
    <p class='ocr_par' dir='ltr' id='par_1_1' title="bbox 97 206 645 271">
     <span class='ocr_line' id='line_1_1' title="bbox 97 206 645 271; baseline 0.011 -6"><span class='ocrx_word' id='word_1_1' title='bbox 97 206 154 268; x_wconf 80' lang='lat'>130</span> <span class='ocrx_word' id='word_1_2' title='bbox 314 222 420 269; x_wconf 78' lang='lat' dir='ltr'>araxis</span> <span class='ocrx_word' id='word_1_3' title='bbox 442 222 645 271; x_wconf 79' lang='lat' dir='ltr'>courusstuu.</span> 
     </span>
    </p>
   </div>
   <div class='ocr_carea' id='block_1_2' title="bbox 94 311 876 674">
    <p class='ocr_par' dir='ltr' id='par_1_2' title="bbox 94 311 876 674">
     <span class='ocr_line' id='line_1_2' title="bbox 94 311 872 397; baseline 0.005 -24"><span class='ocrx_word' id='word_1_4' title='bbox 94 313 189 373; x_wconf 89' lang='lat' dir='ltr'>biliter</span> <span class='ocrx_word' id='word_1_5' title='bbox 210 311 304 393; x_wconf 89' lang='lat' dir='ltr'>plures</span> <span class='ocrx_word' id='word_1_6' title='bbox 325 315 384 373; x_wconf 88' lang='lat' dir='ltr'>DD</span> <span class='ocrx_word' id='word_1_7' title='bbox 416 313 516 377; x_wconf 85' lang='lat' dir='ltr'>dicunt</span> <span class='ocrx_word' id='word_1_8' title='bbox 541 321 603 387; x_wconf 83' lang='lat' dir='ltr'>(r)</span> <span class='ocrx_word' id='word_1_9' title='bbox 626 313 705 397; x_wconf 86' lang='lat' dir='ltr'>quud</span> <span class='ocrx_word' id='word_1_10' title='bbox 725 314 807 396; x_wconf 87' lang='lat' dir='ltr'>pueri</span> <span class='ocrx_word' id='word_1_11' title='bbox 824 317 872 378; x_wconf 84' lang='lat' dir='ltr'>isti</span> 
     </span>
     <span class='ocr_line' id='line_1_3' title="bbox 96 404 874 490; baseline 0.008 -25"><span class='ocrx_word' id='word_1_12' title='bbox 96 404 184 467; x_wconf 89' lang='lat' dir='ltr'>dubie</span> <span class='ocrx_word' id='word_1_13' title='bbox 193 405 319 487; x_wconf 78' lang='lat' dir='ltr'><strong>dispositi</strong></span> <span class='ocrx_word' id='word_1_14' title='bbox 331 407 440 469; x_wconf 88' lang='lat' dir='ltr'>absolvi</span> <span class='ocrx_word' id='word_1_15' title='bbox 452 420 570 490; x_wconf 78' lang='lat' dir='ltr'><strong>possunt</strong></span> <span class='ocrx_word' id='word_1_16' title='bbox 589 409 710 480; x_wconf 90' lang='lat' dir='ltr'>(saltem</span> <span class='ocrx_word' id='word_1_17' title='bbox 723 418 789 490; x_wconf 85' lang='lat' dir='ltr'>pust</span> <span class='ocrx_word' id='word_1_18' title='bbox 798 407 874 471; x_wconf 85' lang='lat' dir='ltr'>duce</span> 
     </span>
     <span class='ocr_line' id='line_1_4' title="bbox 97 499 874 579; baseline 0.005 -18"><span class='ocrx_word' id='word_1_19' title='bbox 97 499 142 561; x_wconf 88' lang='lat' dir='ltr'>vel</span> <span class='ocrx_word' id='word_1_20' title='bbox 164 510 217 561; x_wconf 89' lang='lat' dir='ltr'>tres</span> <span class='ocrx_word' id='word_1_21' title='bbox 238 511 372 576; x_wconf 80' lang='lat' dir='ltr'>meuses)</span> <span class='ocrx_word' id='word_1_22' title='bbox 397 505 451 565; x_wconf 91' lang='lat' dir='ltr'>sub</span> <span class='ocrx_word' id='word_1_23' title='bbox 466 503 643 579; x_wconf 80' lang='lat' dir='ltr'>conditione,</span> <span class='ocrx_word' id='word_1_24' title='bbox 658 502 722 565; x_wconf 87' lang='lat' dir='ltr'>licet</span> <span class='ocrx_word' id='word_1_25' title='bbox 739 504 802 565; x_wconf 85' lang='lat' dir='ltr'>sula</span> <span class='ocrx_word' id='word_1_26' title='bbox 816 522 874 566; x_wconf 81' lang='lat' dir='ltr'>ve-</span> 
     </span>
     <span class='ocr_line' id='line_1_5' title="bbox 97 590 876 674; baseline 0.009 -23"><span class='ocrx_word' id='word_1_27' title='bbox 97 592 183 652; x_wconf 87' lang='lat' dir='ltr'>nialia</span> <span class='ocrx_word' id='word_1_28' title='bbox 209 590 363 668; x_wconf 79' lang='lat' dir='ltr'>afferrent,</span> <span class='ocrx_word' id='word_1_29' title='bbox 392 615 430 655; x_wconf 87' lang='lat' dir='ltr'>ue</span> <span class='ocrx_word' id='word_1_30' title='bbox 450 607 564 659; x_wconf 77' lang='lat' dir='ltr'>careant</span> <span class='ocrx_word' id='word_1_31' title='bbox 589 595 637 655; x_wconf 91' lang='lat' dir='ltr'>diu</span> <span class='ocrx_word' id='word_1_32' title='bbox 663 596 752 674; x_wconf 79' lang='lat' dir='ltr'>gratia</span> <span class='ocrx_word' id='word_1_33' title='bbox 777 614 876 657; x_wconf 76' lang='lat' dir='ltr'>sacm-</span> 
     </span>
    </p>
   </div>
   <div class='ocr_carea' id='block_1_3' title="bbox 1 682 872 761">
    <p class='ocr_par' dir='ltr' id='par_1_3' title="bbox 1 682 872 761">
     <span class='ocr_line' id='line_1_6' title="bbox 1 682 872 761; baseline 0.009 -19"><span class='ocrx_word' id='word_1_34' title='bbox 1 746 5 757; x_wconf 66' lang='grc'><em>,</em></span> <span class='ocrx_word' id='word_1_35' title='bbox 96 682 236 757; x_wconf 82' lang='lat' dir='ltr'>mentali,</span> <span class='ocrx_word' id='word_1_36' title='bbox 260 695 289 744; x_wconf 91' lang='lat' dir='ltr'>et</span> <span class='ocrx_word' id='word_1_37' title='bbox 306 685 378 747; x_wconf 88' lang='lat' dir='ltr'>forte</span> <span class='ocrx_word' id='word_1_38' title='bbox 398 690 483 747; x_wconf 91' lang='lat' dir='ltr'>etiam</span> <span class='ocrx_word' id='word_1_39' title='bbox 506 688 726 761; x_wconf 83' lang='lat' dir='ltr'>sanctificante,</span> <span class='ocrx_word' id='word_1_40' title='bbox 749 688 774 746; x_wconf 87' lang='lat' dir='ltr'>si</span> <span class='ocrx_word' id='word_1_41' title='bbox 800 688 872 749; x_wconf 83' lang='lat' dir='ltr'>forte</span> 
     </span>
    </p>
   </div>
   <div class='ocr_carea' id='block_1_4' title="bbox 97 777 885 3007">
    <p class='ocr_par' dir='ltr' id='par_1_4' title="bbox 97 777 885 3007">
     <span class='ocr_line' id='line_1_7' title="bbox 97 777 872 862; baseline 0.005 -23"><span class='ocrx_word' id='word_1_42' title='bbox 97 777 223 857; x_wconf 79' lang='lat' dir='ltr'>aliquam</span> <span class='ocrx_word' id='word_1_43' title='bbox 240 800 354 857; x_wconf 79' lang='lat' dir='ltr'>gravem</span> <span class='ocrx_word' id='word_1_44' title='bbox 369 782 482 862; x_wconf 90' lang='lat' dir='ltr'>culpam</span> <span class='ocrx_word' id='word_1_45' title='bbox 492 781 631 845; x_wconf 81' lang='lat' dir='ltr'>habereut</span> <span class='ocrx_word' id='word_1_46' title='bbox 640 784 707 862; x_wconf 85' lang='lat' dir='ltr'>ipsis</span> <span class='ocrx_word' id='word_1_47' title='bbox 719 782 872 845; x_wconf 86' lang='lat' dir='ltr'>occultam.</span> 
     </span>
     <span class='ocr_line' id='line_1_8' title="bbox 98 872 871 957; baseline 0.008 -26"><span class='ocrx_word' id='word_1_48' title='bbox 98 872 217 953; x_wconf 84' lang='lat' dir='ltr'>Oportet</span> <span class='ocrx_word' id='word_1_49' title='bbox 231 885 326 935; x_wconf 86' lang='lat' dir='ltr'>autem</span> <span class='ocrx_word' id='word_1_50' title='bbox 341 895 438 937; x_wconf 88' lang='lat' dir='ltr'>curare</span> <span class='ocrx_word' id='word_1_51' title='bbox 452 887 484 939; x_wconf 87' lang='lat' dir='ltr'>ut</span> <span class='ocrx_word' id='word_1_52' title='bbox 498 875 528 939; x_wconf 89' lang='lat' dir='ltr'>hi</span> <span class='ocrx_word' id='word_1_53' title='bbox 546 879 625 957; x_wconf 85' lang='lat' dir='ltr'>pueri</span> <span class='ocrx_word' id='word_1_54' title='bbox 643 875 758 937; x_wconf 82' lang='lat' dir='ltr'>eliciant</span> <span class='ocrx_word' id='word_1_55' title='bbox 774 886 871 938; x_wconf 89' lang='lat' dir='ltr'>actum</span> 
     </span>
     <span class='ocr_line' id='line_1_9' title="bbox 99 964 872 1047; baseline 0.003 -22"><span class='ocrx_word' id='word_1_56' title='bbox 99 964 202 1027; x_wconf 84' lang='lat' dir='ltr'>doloris</span> <span class='ocrx_word' id='word_1_57' title='bbox 218 971 406 1027; x_wconf 83' lang='lat' dir='ltr'>necessarium</span> <span class='ocrx_word' id='word_1_58' title='bbox 429 967 466 1028; x_wconf 92' lang='lat' dir='ltr'>ad</span> <span class='ocrx_word' id='word_1_59' title='bbox 488 965 696 1047; x_wconf 80' lang='lat' dir='ltr'>suscipiendam</span> <span class='ocrx_word' id='word_1_60' title='bbox 712 966 872 1029; x_wconf 82' lang='lat' dir='ltr'>absolutio-</span> 
     </span>
     <span class='ocr_line' id='line_1_10' title="bbox 98 1060 871 1141; baseline 0.005 -22"><span class='ocrx_word' id='word_1_61' title='bbox 98 1079 187 1133; x_wconf 80' lang='lat' dir='ltr'>nem,</span> <span class='ocrx_word' id='word_1_62' title='bbox 215 1060 299 1121; x_wconf 91' lang='lat' dir='ltr'>mudu</span> <span class='ocrx_word' id='word_1_63' title='bbox 325 1070 449 1140; x_wconf 87' lang='lat' dir='ltr'>respectu</span> <span class='ocrx_word' id='word_1_64' title='bbox 476 1063 601 1141; x_wconf 89' lang='lat' dir='ltr'>ipsorum</span> <span class='ocrx_word' id='word_1_65' title='bbox 626 1063 716 1139; x_wconf 81' lang='lat' dir='ltr'>magis</span> <span class='ocrx_word' id='word_1_66' title='bbox 736 1064 871 1141; x_wconf 79' lang='lat' dir='ltr'>proprio,</span> 
     </span>
     <span class='ocr_line' id='line_1_11' title="bbox 99 1154 871 1233; baseline 0.008 -20"><span class='ocrx_word' id='word_1_67' title='bbox 99 1154 221 1233; x_wconf 81' lang='lat' dir='ltr'>exeurpli</span> <span class='ocrx_word' id='word_1_68' title='bbox 236 1157 347 1233; x_wconf 81' lang='lat' dir='ltr'>gratia:</span> <span class='ocrx_word' id='word_1_69' title='bbox 373 1158 513 1216; x_wconf 78' lang='lat' dir='ltr'>Amusue</span> <span class='ocrx_word' id='word_1_70' title='bbox 533 1158 634 1217; x_wconf 81' lang='lat' dir='ltr'>Deum</span> <span class='ocrx_word' id='word_1_71' title='bbox 659 1156 712 1233; x_wconf 83' lang='lat' dir='ltr'>qui</span> <span class='ocrx_word' id='word_1_72' title='bbox 736 1170 782 1216; x_wconf 83' lang='lat' dir='ltr'>est</span> <span class='ocrx_word' id='word_1_73' title='bbox 805 1159 871 1219; x_wconf 78' lang='lat' dir='ltr'>De·</span> 
     </span>
     <span class='ocr_line' id='line_1_12' title="bbox 100 1248 872 1328; baseline 0 -19"><span class='ocrx_word' id='word_1_74' title='bbox 100 1248 200 1309; x_wconf 78' lang='lat' dir='ltr'>miuus</span> <span class='ocrx_word' id='word_1_75' title='bbox 216 1270 302 1323; x_wconf 73' lang='lat' dir='ltr'>treus,</span> <span class='ocrx_word' id='word_1_76' title='bbox 322 1264 385 1309; x_wconf 85' lang='lat' dir='ltr'>tum</span> <span class='ocrx_word' id='word_1_77' title='bbox 397 1270 528 1328; x_wconf 69' lang='lat' dir='ltr'>mugnus</span> <span class='ocrx_word' id='word_1_78' title='bbox 540 1291 550 1324; x_wconf 87' lang='lat'><strong>‚</strong></span> <span class='ocrx_word' id='word_1_79' title='bbox 562 1262 593 1309; x_wconf 86' lang='lat' dir='ltr'>et</span> <span class='ocrx_word' id='word_1_80' title='bbox 607 1263 671 1309; x_wconf 87' lang='lat' dir='ltr'>tum</span> <span class='ocrx_word' id='word_1_81' title='bbox 682 1249 783 1309; x_wconf 81' lang='lat' dir='ltr'>bouus</span> <span class='ocrx_word' id='word_1_82' title='bbox 795 1291 805 1324; x_wconf 86' lang='lat'><strong>,</strong></span> <span class='ocrx_word' id='word_1_83' title='bbox 820 1249 872 1328; x_wconf 85' lang='lat' dir='ltr'>qui</span> 
     </span>
     <span class='ocr_line' id='line_1_13' title="bbox 99 1342 872 1417; baseline 0.004 -17"><span class='ocrx_word' id='word_1_84' title='bbox 99 1354 127 1403; x_wconf 78' lang='lat' dir='ltr'>te</span> <span class='ocrx_word' id='word_1_85' title='bbox 143 1342 276 1415; x_wconf 72' lang='lat' dir='ltr'>creavit,</span> <span class='ocrx_word' id='word_1_86' title='bbox 299 1365 357 1417; x_wconf 80' lang='lat' dir='ltr'>pro</span> <span class='ocrx_word' id='word_1_87' title='bbox 382 1354 409 1401; x_wconf 78' lang='lat' dir='ltr'>lu</span> <span class='ocrx_word' id='word_1_88' title='bbox 427 1357 469 1403; x_wconf 80' lang='lat' dir='ltr'>est</span> <span class='ocrx_word' id='word_1_89' title='bbox 487 1356 647 1414; x_wconf 66' lang='lat' dir='ltr'>mortum,</span> <span class='ocrx_word' id='word_1_90' title='bbox 669 1355 726 1402; x_wconf 80' lang='lat' dir='ltr'>etc.</span> <span class='ocrx_word' id='word_1_91' title='bbox 743 1345 752 1401; x_wconf 91' lang='lat' dir='ltr'>l</span> <span class='ocrx_word' id='word_1_92' title='bbox 777 1346 872 1405; x_wconf 82' lang='lat' dir='ltr'>Hunc</span> 
     </span>
     <span class='ocr_line' id='line_1_14' title="bbox 102 1433 875 1514; baseline 0.003 -19"><span class='ocrx_word' id='word_1_93' title='bbox 102 1439 201 1499; x_wconf 82' lang='lat' dir='ltr'>Deum</span> <span class='ocrx_word' id='word_1_94' title='bbox 213 1451 243 1493; x_wconf 86' lang='lat' dir='ltr'>tu</span> <span class='ocrx_word' id='word_1_95' title='bbox 255 1433 418 1513; x_wconf 77' lang='lat' dir='ltr'>offendisti.</span> <span class='ocrx_word' id='word_1_96' title='bbox 436 1441 506 1514; x_wconf 79' lang='lat' dir='ltr'>lpse</span> <span class='ocrx_word' id='word_1_97' title='bbox 514 1436 567 1495; x_wconf 82' lang='lat' dir='ltr'>tibi</span> <span class='ocrx_word' id='word_1_98' title='bbox 577 1435 695 1496; x_wconf 81' lang='lat' dir='ltr'>verrium</span> <span class='ocrx_word' id='word_1_99' title='bbox 706 1436 783 1499; x_wconf 80' lang='lat' dir='ltr'>darc</span> <span class='ocrx_word' id='word_1_100' title='bbox 793 1438 875 1511; x_wconf 78' lang='lat' dir='ltr'>vult,</span> 
     </span>
     <span class='ocr_line' id='line_1_15' title="bbox 100 1530 875 1612; baseline 0 -23"><span class='ocrx_word' id='word_1_101' title='bbox 100 1545 129 1589; x_wconf 87' lang='lat' dir='ltr'>et</span> <span class='ocrx_word' id='word_1_102' title='bbox 157 1544 188 1587; x_wconf 85' lang='lat' dir='ltr'>tu</span> <span class='ocrx_word' id='word_1_103' title='bbox 213 1551 304 1603; x_wconf 73' lang='lat' dir='ltr'>upera</span> <span class='ocrx_word' id='word_1_104' title='bbox 330 1530 413 1605; x_wconf 70' lang='lat' dir='ltr'>‹puod</span> <span class='ocrx_word' id='word_1_105' title='bbox 438 1543 564 1609; x_wconf 81' lang='lat' dir='ltr'>propter</span> <span class='ocrx_word' id='word_1_106' title='bbox 586 1531 769 1612; x_wconf 77' lang='lat' dir='ltr'>sanguinem</span> <span class='ocrx_word' id='word_1_107' title='bbox 799 1532 875 1591; x_wconf 83' lang='lat' dir='ltr'>Jesu</span> 
     </span>
     <span class='ocr_line' id='line_1_16' title="bbox 101 1623 876 1702; baseline 0.004 -20"><span class='ocrx_word' id='word_1_108' title='bbox 101 1623 213 1682; x_wconf 74' lang='lat' dir='ltr'>Christi</span> <span class='ocrx_word' id='word_1_109' title='bbox 233 1623 302 1683; x_wconf 78' lang='lat' dir='ltr'>Filii</span> <span class='ocrx_word' id='word_1_110' title='bbox 320 1623 368 1681; x_wconf 87' lang='lat' dir='ltr'>sui</span> <span class='ocrx_word' id='word_1_111' title='bbox 389 1623 441 1683; x_wconf 86' lang='lat' dir='ltr'>tibi</span> <span class='ocrx_word' id='word_1_112' title='bbox 456 1624 604 1701; x_wconf 77' lang='lat' dir='ltr'>ignoscat.</span> <span class='ocrx_word' id='word_1_113' title='bbox 636 1624 699 1683; x_wconf 83' lang='lat' dir='ltr'>Sed</span> <span class='ocrx_word' id='word_1_114' title='bbox 715 1634 876 1702; x_wconf 71' lang='lat' dir='ltr'>oportatis</span> 
     </span>
     <span class='ocr_line' id='line_1_17' title="bbox 100 1717 877 1798; baseline 0 -21"><span class='ocrx_word' id='word_1_115' title='bbox 100 1721 254 1798; x_wconf 71' lang='lat' dir='ltr'>punitus.</span> <span class='ocrx_word' id='word_1_116' title='bbox 282 1717 363 1798; x_wconf 80' lang='lat' dir='ltr'>Quid</span> <span class='ocrx_word' id='word_1_117' title='bbox 383 1717 489 1779; x_wconf 82' lang='lat' dir='ltr'>ulicis?</span> <span class='ocrx_word' id='word_1_118' title='bbox 511 1720 633 1794; x_wconf 82' lang='lat' dir='ltr'>poenitet</span> <span class='ocrx_word' id='word_1_119' title='bbox 654 1731 680 1777; x_wconf 85' lang='lat' dir='ltr'>te</span> <span class='ocrx_word' id='word_1_120' title='bbox 701 1738 784 1782; x_wconf 80' lang='lat' dir='ltr'>nune</span> <span class='ocrx_word' id='word_1_121' title='bbox 806 1738 877 1779; x_wconf 82' lang='lat' dir='ltr'>eum</span> 
     </span>
     <span class='ocr_line' id='line_1_18' title="bbox 102 1811 878 1893; baseline 0.001 -21"><span class='ocrx_word' id='word_1_122' title='bbox 102 1813 288 1893; x_wconf 72' lang='lat' dir='ltr'>offendisse,</span> <span class='ocrx_word' id='word_1_123' title='bbox 305 1825 361 1871; x_wconf 84' lang='lat' dir='ltr'>etc.</span> <span class='ocrx_word' id='word_1_124' title='bbox 375 1814 384 1868; x_wconf 94' lang='lat' dir='ltr'>l</span> <span class='ocrx_word' id='word_1_125' title='bbox 398 1812 465 1871; x_wconf 83' lang='lat' dir='ltr'>lstis</span> <span class='ocrx_word' id='word_1_126' title='bbox 481 1811 599 1886; x_wconf 80' lang='lat' dir='ltr'>injuriis</span> <span class='ocrx_word' id='word_1_127' title='bbox 615 1833 693 1886; x_wconf 82' lang='lat' dir='ltr'>quus</span> <span class='ocrx_word' id='word_1_128' title='bbox 709 1813 773 1873; x_wconf 81' lang='lat' dir='ltr'>Deo</span> <span class='ocrx_word' id='word_1_129' title='bbox 793 1812 878 1873; x_wconf 78' lang='lat' dir='ltr'>iero-</span> 
     </span>
     <span class='ocr_line' id='line_1_19' title="bbox 101 1904 880 1985; baseline 0.005 -20"><span class='ocrx_word' id='word_1_130' title='bbox 101 1908 184 1984; x_wconf 73' lang='lat' dir='ltr'>gusti</span> <span class='ocrx_word' id='word_1_131' title='bbox 195 1905 279 1985; x_wconf 74' lang='lat' dir='ltr'>‚seis</span> <span class='ocrx_word' id='word_1_132' title='bbox 296 1904 379 1983; x_wconf 79' lang='lat' dir='ltr'>quud</span> <span class='ocrx_word' id='word_1_133' title='bbox 394 1905 549 1981; x_wconf 82' lang='lat' dir='ltr'>infernum</span> <span class='ocrx_word' id='word_1_134' title='bbox 565 1906 723 1967; x_wconf 84' lang='lat' dir='ltr'>meruisti?</span> <span class='ocrx_word' id='word_1_135' title='bbox 738 1905 880 1983; x_wconf 78' lang='lat' dir='ltr'>displicet</span> 
     </span>
     <span class='ocr_line' id='line_1_20' title="bbox 103 2000 882 2077; baseline 0.003 -16"><span class='ocrx_word' id='word_1_136' title='bbox 103 2000 157 2061; x_wconf 81' lang='lat' dir='ltr'>tibi</span> <span class='ocrx_word' id='word_1_137' title='bbox 170 2000 253 2077; x_wconf 77' lang='lat' dir='ltr'>quud</span> <span class='ocrx_word' id='word_1_138' title='bbox 268 2000 351 2077; x_wconf 84' lang='lat' dir='ltr'>ipsus</span> <span class='ocrx_word' id='word_1_139' title='bbox 365 2000 569 2061; x_wconf 75' lang='lat' dir='ltr'>commisisti?</span> <span class='ocrx_word' id='word_1_140' title='bbox 583 2005 665 2063; x_wconf 76' lang='lat' dir='ltr'>Deus</span> <span class='ocrx_word' id='word_1_141' title='bbox 678 2021 782 2074; x_wconf 83' lang='lat' dir='ltr'>meus,</span> <span class='ocrx_word' id='word_1_142' title='bbox 801 2020 882 2063; x_wconf 77' lang='lat' dir='ltr'>nun·</span> 
     </span>
     <span class='ocr_line' id='line_1_21' title="bbox 104 2091 881 2175; baseline 0.003 -22"><span class='ocrx_word' id='word_1_143' title='bbox 104 2114 200 2175; x_wconf 83' lang='lat' dir='ltr'>quum</span> <span class='ocrx_word' id='word_1_144' title='bbox 221 2095 354 2170; x_wconf 74' lang='lat' dir='ltr'>simplius</span> <span class='ocrx_word' id='word_1_145' title='bbox 374 2095 441 2153; x_wconf 79' lang='lat' dir='ltr'>vols</span> <span class='ocrx_word' id='word_1_146' title='bbox 456 2107 483 2153; x_wconf 82' lang='lat' dir='ltr'>te</span> <span class='ocrx_word' id='word_1_147' title='bbox 504 2091 662 2171; x_wconf 81' lang='lat' dir='ltr'>offendere</span> <span class='ocrx_word' id='word_1_148' title='bbox 677 2135 687 2167; x_wconf 83' lang='lat'>‚</span> <span class='ocrx_word' id='word_1_149' title='bbox 704 2109 761 2155; x_wconf 85' lang='lat' dir='ltr'>etc.</span> <span class='ocrx_word' id='word_1_150' title='bbox 776 2093 881 2155; x_wconf 79' lang='lat' dir='ltr'>Puni-</span> 
     </span>
     <span class='ocr_line' id='line_1_22' title="bbox 107 2186 883 2266; baseline -0.003 -15"><span class='ocrx_word' id='word_1_151' title='bbox 107 2193 193 2251; x_wconf 84' lang='lat' dir='ltr'>tentia</span> <span class='ocrx_word' id='word_1_152' title='bbox 217 2200 313 2248; x_wconf 85' lang='lat' dir='ltr'>autem</span> <span class='ocrx_word' id='word_1_153' title='bbox 336 2187 381 2247; x_wconf 83' lang='lat' dir='ltr'>his</span> <span class='ocrx_word' id='word_1_154' title='bbox 403 2190 496 2266; x_wconf 88' lang='lat' dir='ltr'>pueris</span> <span class='ocrx_word' id='word_1_155' title='bbox 518 2186 692 2263; x_wconf 82' lang='lat' dir='ltr'>injungenda</span> <span class='ocrx_word' id='word_1_156' title='bbox 724 2187 797 2247; x_wconf 81' lang='lat' dir='ltr'>levis</span> <span class='ocrx_word' id='word_1_157' title='bbox 824 2191 883 2264; x_wconf 82' lang='lat' dir='ltr'>sii,</span> 
     </span>
     <span class='ocr_line' id='line_1_23' title="bbox 106 2279 881 2362; baseline 0 -21"><span class='ocrx_word' id='word_1_158' title='bbox 106 2294 246 2362; x_wconf 82' lang='lat' dir='ltr'>quantum</span> <span class='ocrx_word' id='word_1_159' title='bbox 272 2283 331 2341; x_wconf 82' lang='lat' dir='ltr'>lieri</span> <span class='ocrx_word' id='word_1_160' title='bbox 355 2291 473 2361; x_wconf 85' lang='lat' dir='ltr'>potest;</span> <span class='ocrx_word' id='word_1_161' title='bbox 501 2292 529 2341; x_wconf 90' lang='lat' dir='ltr'>et</span> <span class='ocrx_word' id='word_1_162' title='bbox 549 2279 709 2342; x_wconf 85' lang='lat' dir='ltr'>curandum</span> <span class='ocrx_word' id='word_1_163' title='bbox 734 2279 812 2361; x_wconf 87' lang='lat' dir='ltr'>quud</span> <span class='ocrx_word' id='word_1_164' title='bbox 831 2280 881 2343; x_wconf 85' lang='lat' dir='ltr'>illa</span> 
     </span>
     <span class='ocr_line' id='line_1_24' title="bbox 107 2374 885 2457; baseline -0.003 -18"><span class='ocrx_word' id='word_1_165' title='bbox 107 2379 143 2439; x_wconf 90' lang='lat' dir='ltr'>ab</span> <span class='ocrx_word' id='word_1_166' title='bbox 159 2380 226 2457; x_wconf 88' lang='lat' dir='ltr'>ipsis</span> <span class='ocrx_word' id='word_1_167' title='bbox 240 2379 409 2455; x_wconf 70' lang='lat' dir='ltr'>&lt;puautocius</span> <span class='ocrx_word' id='word_1_168' title='bbox 423 2375 593 2456; x_wconf 76' lang='lat' dir='ltr'>impleatur,</span> <span class='ocrx_word' id='word_1_169' title='bbox 615 2374 743 2453; x_wconf 86' lang='lat' dir='ltr'>alioquin</span> <span class='ocrx_word' id='word_1_170' title='bbox 753 2385 804 2435; x_wconf 89' lang='lat' dir='ltr'>aut</span> <span class='ocrx_word' id='word_1_171' title='bbox 816 2395 885 2437; x_wconf 84' lang='lat' dir='ltr'>eam</span> 
     </span>
     <span class='ocr_line' id='line_1_25' title="bbox 105 2469 884 2546; baseline -0.006 -12"><span class='ocrx_word' id='word_1_172' title='bbox 105 2474 330 2546; x_wconf 79' lang='lat' dir='ltr'>obliviscentur,</span> <span class='ocrx_word' id='word_1_173' title='bbox 352 2482 402 2531; x_wconf 91' lang='lat' dir='ltr'>aut</span> <span class='ocrx_word' id='word_1_174' title='bbox 422 2474 563 2531; x_wconf 80' lang='lat' dir='ltr'>uruitteut.</span> <span class='ocrx_word' id='word_1_175' title='bbox 588 2469 677 2529; x_wconf 82' lang='lat' dir='ltr'>Curet</span> <span class='ocrx_word' id='word_1_176' title='bbox 691 2470 777 2529; x_wconf 87' lang='lat' dir='ltr'>etiam</span> <span class='ocrx_word' id='word_1_177' title='bbox 800 2470 884 2529; x_wconf 86' lang='lat' dir='ltr'>Cun-</span> 
     </span>
     <span class='ocr_line' id='line_1_26' title="bbox 105 2561 883 2646; baseline -0.004 -18"><span class='ocrx_word' id='word_1_178' title='bbox 105 2569 238 2628; x_wconf 83' lang='lat' dir='ltr'>fessurius</span> <span class='ocrx_word' id='word_1_179' title='bbox 254 2587 422 2646; x_wconf 66' lang='lat' dir='ltr'>maeuupure</span> <span class='ocrx_word' id='word_1_180' title='bbox 437 2569 533 2645; x_wconf 88' lang='lat' dir='ltr'>pueris</span> <span class='ocrx_word' id='word_1_181' title='bbox 542 2565 689 2625; x_wconf 84' lang='lat' dir='ltr'>insinuare</span> <span class='ocrx_word' id='word_1_182' title='bbox 699 2561 883 2625; x_wconf 80' lang='lat' dir='ltr'>devotionem</span> 
     </span>
     <span class='ocr_line' id='line_1_27' title="bbox 107 2656 884 2741; baseline -0.005 -18"><span class='ocrx_word' id='word_1_183' title='bbox 107 2682 169 2738; x_wconf 75' lang='lat' dir='ltr'>erga</span> <span class='ocrx_word' id='word_1_184' title='bbox 180 2663 333 2741; x_wconf 87' lang='lat' dir='ltr'>Deiparam</span> <span class='ocrx_word' id='word_1_185' title='bbox 343 2704 352 2735; x_wconf 79' lang='lat'>‚</span> <span class='ocrx_word' id='word_1_186' title='bbox 364 2674 454 2740; x_wconf 88' lang='lat' dir='ltr'>utque</span> <span class='ocrx_word' id='word_1_187' title='bbox 463 2662 577 2720; x_wconf 85' lang='lat' dir='ltr'>recitent</span> <span class='ocrx_word' id='word_1_188' title='bbox 585 2656 714 2738; x_wconf 79' lang='lat' dir='ltr'>quetidie</span> <span class='ocrx_word' id='word_1_189' title='bbox 724 2662 884 2736; x_wconf 83' lang='lat' dir='ltr'>rosarium,</span> 
     </span>
     <span class='ocr_line' id='line_1_28' title="bbox 108 2751 884 2833; baseline -0.005 -16"><span class='ocrx_word' id='word_1_190' title='bbox 108 2766 136 2817; x_wconf 88' lang='lat' dir='ltr'>et</span> <span class='ocrx_word' id='word_1_191' title='bbox 151 2768 192 2816; x_wconf 87' lang='lat' dir='ltr'>ter</span> <span class='ocrx_word' id='word_1_192' title='bbox 205 2755 289 2829; x_wconf 65' lang='lat' dir='ltr'>Ave,</span> <span class='ocrx_word' id='word_1_193' title='bbox 307 2776 392 2817; x_wconf 83' lang='lat' dir='ltr'>mane</span> <span class='ocrx_word' id='word_1_194' title='bbox 405 2765 435 2815; x_wconf 87' lang='lat' dir='ltr'>et</span> <span class='ocrx_word' id='word_1_195' title='bbox 452 2774 532 2828; x_wconf 83' lang='lat' dir='ltr'>seru,</span> <span class='ocrx_word' id='word_1_196' title='bbox 555 2772 666 2833; x_wconf 86' lang='lat' dir='ltr'>semper</span> <span class='ocrx_word' id='word_1_197' title='bbox 679 2751 755 2819; x_wconf 81' lang='lat' dir='ltr'>hauc</span> <span class='ocrx_word' id='word_1_198' title='bbox 770 2772 884 2832; x_wconf 85' lang='lat' dir='ltr'>precem</span> 
     </span>
     <span class='ocr_line' id='line_1_29' title="bbox 109 2849 885 2929; baseline 0.001 -17"><span class='ocrx_word' id='word_1_199' title='bbox 109 2851 291 2929; x_wconf 78' lang='lat' dir='ltr'>adjungendo</span> <span class='ocrx_word' id='word_1_200' title='bbox 305 2874 311 2912; x_wconf 75' lang='grc' dir='ltr'><strong>ε</strong></span> <span class='ocrx_word' id='word_1_201' title='bbox 333 2854 433 2913; x_wconf 82' lang='lat' dir='ltr'>llluter</span> <span class='ocrx_word' id='word_1_202' title='bbox 446 2872 532 2927; x_wconf 75' lang='lat' dir='ltr'>meu,</span> <span class='ocrx_word' id='word_1_203' title='bbox 546 2849 643 2909; x_wconf 76' lang='lat' dir='ltr'>libera</span> <span class='ocrx_word' id='word_1_204' title='bbox 656 2868 705 2909; x_wconf 83' lang='lat' dir='ltr'>me</span> <span class='ocrx_word' id='word_1_205' title='bbox 719 2869 739 2909; x_wconf 86' lang='lat' dir='ltr'><em>a</em></span> <span class='ocrx_word' id='word_1_206' title='bbox 753 2860 885 2927; x_wconf 61' lang='lat' dir='ltr'>peccata</span> 
     </span>
     <span class='ocr_line' id='line_1_30' title="bbox 110 2949 875 3007; baseline 0.003 -3"><span class='ocrx_word' id='word_1_207' title='bbox 110 2949 245 3007; x_wconf 77' lang='lat' dir='ltr'>mortali.</span> <span class='ocrx_word' id='word_1_208' title='bbox 861 2956 875 2963; x_wconf 83' lang='lat'><strong><em>‘</em></strong></span> 
     </span>
    </p>
   </div>
   <div class='ocr_carea' id='block_1_5' title="bbox 148 3128 481 3195">
    <p class='ocr_par' dir='ltr' id='par_1_5' title="bbox 148 3128 481 3195">
     <span class='ocr_line' id='line_1_31' title="bbox 148 3128 481 3195; baseline 0.015 -17"><span class='ocrx_word' id='word_1_209' title='bbox 148 3132 185 3192; x_wconf 85' lang='grc' dir='ltr'>(ι)</span> <span class='ocrx_word' id='word_1_210' title='bbox 203 3130 283 3185; x_wconf 84' lang='lat' dir='ltr'>Num.</span> <span class='ocrx_word' id='word_1_211' title='bbox 295 3129 361 3195; x_wconf 71' lang='lat'>432,</span> <span class='ocrx_word' id='word_1_212' title='bbox 379 3131 407 3180; x_wconf 88' lang='lat' dir='ltr'>in</span> <span class='ocrx_word' id='word_1_213' title='bbox 420 3128 481 3183; x_wconf 83' lang='lat' dir='ltr'>fine.</span> 
     </span>
    </p>
   </div>
   <div class='ocr_carea' id='block_1_6' title="bbox 0 0 1001 3608">
    <p class='ocr_par' dir='ltr' id='par_1_6' title="bbox 0 0 1001 3608">
     <span class='ocr_line' id='line_1_32' title="bbox 0 0 1001 3608; baseline 0 0"><span class='ocrx_word' id='word_1_214' title='bbox 0 0 1001 3608; x_wconf 95' lang='lat' dir='ltr'> </span> 
     </span>
    </p>
   </div>
  </div>
 </body>
</html>
