1956 3608
79 25 141 105 F

153 234 181 307 §.
192 251 239 293 ru.
255 248 294 292 mr
304 243 502 305 nequeumt
515 222 799 287 sucatuenronurr.
820 230 880 290 203

103 346 139 403 rii
149 341 261 422 publice
267 349 412 422 peccator,
423 346 453 400 et
461 340 573 418 quoties
581 336 787 398 rationabiliter
793 345 883 417 polet,

101 435 180 496 Setis
200 432 237 493 de
252 432 307 495 boc
327 434 438 511 egimus
453 432 483 489 in
499 430 571 490 libro
592 435 664 505 (ι),
686 430 717 489 in
733 448 791 509 quo
804 426 884 489 vidi-

98 546 185 603 mus,
200 528 403 589 Innocentium
417 523 464 584 XI
477 567 487 601 ‚
499 526 531 583 in
542 522 668 603 quodem
682 544 735 585 roc
748 521 881 601 decreto,

99 620 249 683 ordinasse
271 640 359 681 usum
377 619 591 680 communionis
610 616 766 695 frequentis
788 627 881 678 toturn

98 718 204 777 remitti
214 713 374 796 prudentiae
384 712 650 780 Confessariorum
664 708 742 769 unde
753 714 881 770 sineevi·

100 807 179 871 denti
193 830 281 873 causa
292 811 407 883 ‚nescio
416 805 565 886 quomodo
574 802 693 865 Parocbi
705 806 880 883 posuinttutr

97 906 272 968 conscientia
299 902 442 981 denegare
460 903 624 982 petentibus
637 900 882 962 commonionem.

99 1000 139 1060 Et
154 997 320 1059 notandum
335 1007 377 1058 est
391 1042 400 1073 ‚
426 994 502 1078 quod
519 999 548 1057 in
564 994 680 1077 prefato
694 994 806 1056 decreto
817 1012 883 1073 pro-

99 1091 220 1153 hibetur
232 1094 374 1172 episcopio
386 1093 565 1172 proscribere
574 1093 605 1150 in
618 1109 720 1169 genere
735 1092 795 1149 ruis
809 1089 882 1149 sub-

100 1185 168 1246 ditis
187 1184 247 1245 dies
264 1185 302 1246 ad
320 1184 480 1246 taciendam
496 1187 750 1251 communionem
773 1183 822 1241 sed
837 1183 882 1242 lo-

105 1283 226 1360 quimur
248 1278 296 1338 bic
312 1277 454 1337 duntaxat
473 1276 510 1336 de
525 1276 615 1339 modo
631 1296 690 1357 qno
709 1275 882 1337 Confessarii

102 1371 212 1432 debent
226 1388 361 1447 regerere
372 1371 402 1430 in
414 1367 596 1431 concedenda
608 1371 812 1431 communione
821 1372 880 1430 suis

102 1466 322 1546 poenitentibus.
349 1464 384 1524 ln
397 1463 452 1526 boc
468 1464 587 1544 quidam
601 1475 697 1526 errant
708 1464 745 1526 ob
760 1466 882 1525 nimiam

100 1556 331 1637 indulgentiam,
354 1557 402 1616 alii
419 1559 456 1616 ob
471 1561 592 1618 nimium
609 1563 737 1636 rigorem.
759 1559 825 1619 Non
839 1569 882 1620 est

105 1653 228 1713 dubium
244 1653 316 1732 quin
331 1652 474 1727 omousii,
491 1663 524 1711 ut
537 1650 660 1712 advertit
671 1650 827 1711 hodiernus
846 1653 880 1712 S.

103 1748 136 1806 P.
150 1746 322 1808 Benedictus
337 1745 434 1823 XIV,
456 1748 488 1805 in
509 1765 596 1807 aureo
614 1765 666 1805 suo
687 1744 759 1805 libro
773 1744 810 1805 de
823 1745 881 1828 Sy-

100 1840 206 1917 nodo,
233 1838 387 1902 concedere
404 1843 635 1902 communionem
654 1840 832 1922 frequentem
846 1844 882 1902 iis

102 1937 157 2015 qui
177 1954 251 2014 saepe
261 1936 291 1993 in
303 1942 416 2012 peccata
431 1936 528 2009 gravia
542 1934 695 2008 labuntur,
709 1952 762 1998 nec
772 1936 882 1998 solliciti

98 2036 173 2087 sunt
179 2025 214 2084 de
221 2024 329 2102 agenda
340 2026 520 2104 penitentia,
527 2045 560 2086 ac
565 2024 602 2084 de
609 2045 661 2085 sua
667 2027 881 2097 emendatione3

101 2131 158 2184 aut
176 2123 211 2180 iis
227 2123 278 2202 qui
294 2118 433 2182 accedunt
445 2118 484 2181 ad
503 2123 736 2182 communionem
755 2142 820 2183 cum
836 2125 883 2184 af-

100 2217 180 2278 fectu
211 2215 248 2276 ad
268 2226 381 2295 peccata
403 2215 527 2277 venialia
545 2215 716 2294 deliberata,
744 2219 805 2278 sine
823 2219 882 2281 ullo

100 2309 246 2373 desiderio
257 2329 287 2368 se
299 2311 335 2368 ab
346 2311 387 2367 eis
396 2308 546 2369 liberandi.
566 2311 689 2392 Expedit
700 2314 818 2393 quidem
826 2316 887 2376 ali-¹

102 2402 222 2486 quando
235 2399 388 2464 concedere
402 2405 632 2461 communionem
647 2405 809 2483 aliquibus,
829 2410 881 2486 qui

103 2507 201 2558 essent
216 2498 246 2556 in
262 2494 386 2576 periculo
395 2493 512 2557 labendi
527 2498 557 2556 in
571 2506 685 2576 peccota
700 2497 830 2577 lethalia,
848 2511 881 2563 ut

104 2596 179 2654 vires
189 2591 371 2673 recipiantad
380 2592 879 2676 resistendum2uedrespectuearum

103 2709 290 2772 personarum
312 2710 376 2768 quae
392 2708 451 2749 non
466 2693 592 2753 existunt
611 2693 642 2752 in
666 2694 715 2754 tali
737 2697 881 2774 periculo,

104 2796 134 2846 et
149 2796 275 2845 econtra
294 2787 478 2846 committunt
492 2785 633 2848 ordinarie
647 2798 759 2866 peccata
777 2791 879 2846 venia-

104 2880 145 2939 lia
164 2875 338 2954 deliberata,
358 2889 386 2940 et
396 2879 475 2940 nulla
488 2883 517 2940 in
532 2884 572 2940 eis
585 2881 767 2952 emendatio,
785 2898 883 2958 neque

104 2971 280 3033 desiderium
294 2973 503 3034 emendationis
518 2973 651 3050 effulget,
673 2974 814 3052 optimum
828 2977 879 3035 erit

141 3163 178 3223 (r)
196 3156 244 3210 Lib
266 3163 296 3217 5,
315 3175 388 3210 num.
403 3165 459 3224 254.

711 3242 737 3300 l
753 3244 778 3304 b
