1956 3608
147 240 209 317 294
371 251 473 297 rnrxrs
494 254 700 296 cosrrrssrrru.

148 367 226 407 marn
253 346 433 417 Unctionero.
461 344 554 404 Credo
577 364 680 405 omnes
705 364 844 422 resurgere
866 341 917 405 hr-

146 442 212 501 bere
222 463 287 503 curo
298 443 460 519 corporibus
476 443 553 511 suis3
569 451 597 500 et
607 439 733 520 denique
745 436 827 501 credo
839 457 920 500 omne

147 536 177 595 id
206 534 281 618 quod
307 534 396 596 credit
420 536 453 595 S.
480 536 602 597 Ecclesia
626 535 763 597 raihoiica
788 554 920 610 romana,

148 632 178 688 in
196 649 252 707 qua
268 628 327 689 soia
346 627 430 690 credo
444 649 505 691 esse
517 649 616 690 reram
632 627 731 689 fidem.

188 730 288 784 Aciris
310 724 382 800 spei.
411 723 491 783 Deos
509 742 611 798 meos,
636 723 764 784 confisus
783 723 841 782 iuis
858 740 922 803 pro-

148 818 263 892 missis,
279 821 347 898 quia
359 827 389 877 tu
404 817 513 891 fidelis,
533 827 632 899 poiens
643 860 652 894 ‚
665 826 693 879 et
704 819 866 878 misericors
878 834 923 890 rs,

148 921 261 992 propter
276 915 373 973 merita
392 913 458 974 Jesu
477 913 583 973 Chrisii
599 922 780 994 peccatorum
796 928 923 973 meorum

148 1010 263 1067 veniam
279 1026 378 1086 spero,
407 1011 647 1096 perseverantiam
664 1006 782 1069 finalem
796 1049 806 1084 ‚
829 1018 858 1068 et
871 1006 925 1086 glo·

149 1103 219 1161 riom
238 1099 374 1181 paradisi.

189 1201 285 1256 Aeros
302 1198 418 1257 amoris
434 1210 462 1256 ot
478 1196 602 1257 doloris.
628 1195 708 1256 Deus
731 1216 817 1258 meus
828 1199 925 1277 ,orsio

151 1301 179 1351 tu
195 1311 225 1350 es
242 1293 354 1351 borriias
378 1292 515 1364 infinita,
546 1291 661 1351 infinito
680 1312 779 1352 amore
805 1291 927 1370 dignus,

151 1384 300 1446 totocorde
311 1406 374 1445 meo
388 1398 413 1445 ie
425 1385 510 1463 diligo
524 1404 609 1464 super
622 1389 732 1446 omnia.
749 1387 788 1446 Er
799 1390 926 1447 omniurn

149 1488 327 1559 peccatorum
348 1495 504 1559 meursio,
524 1478 591 1555 quia
615 1486 694 1536 luam
715 1477 865 1539 infinitam
880 1480 929 1538 bo·

148 1573 267 1629 nitatem
282 1567 407 1642 offendi,
422 1579 479 1629 iola
495 1573 591 1630 aniroa
609 1591 672 1631 mea
688 1591 736 1630 me
749 1574 870 1651 poerritet
881 1615 890 1648 ,
903 1580 929 1631 et

151 1660 288 1742 dispiirei.
322 1662 418 1720 Polios
440 1665 510 1723 orori
533 1676 621 1741 qoam
645 1682 759 1742 peccare
779 1683 929 1743 propono,

153 1777 218 1818 curn
234 1761 321 1835 gratia
338 1768 406 1831 iria,
431 1778 517 1837 quarn
531 1767 561 1816 ui
573 1778 651 1817 nunc
665 1757 735 1816 mihi
750 1756 802 1817 des
817 1768 845 1817 ei
857 1777 930 1817 sern-

154 1872 225 1933 per‚
251 1862 278 1911 te
296 1870 402 1930 precor.
421 1850 456 1909 Er
478 1870 604 1931 propono
622 1861 719 1912 sancia
742 1852 930 1913 Sacramenta

153 1949 274 2024 recipere
289 1949 319 2003 in
335 1948 413 2019 viia,
435 1954 461 2002 er
478 1948 507 2005 in
527 1953 628 2006 morie.

195 2047 207 2109 (
221 2041 401 2101 Berredr'crus
415 2038 489 2098 xlll
505 2040 647 2098 omnibns
661 2038 714 2115 qui
729 2026 872 2100 semel'irr
883 2039 931 2101 dio

154 2135 211 2195 iios
223 2135 349 2194 eliciunt
368 2147 478 2206 octus,
502 2148 616 2207 septem
640 2154 740 2195 annos
761 2134 932 2209 indulgen-

154 2229 204 2288 er'oe
222 2229 351 2304 largitos
364 2240 410 2287 est
430 2242 442 2293 ‚⁰
469 2240 499 2286 et
512 2227 538 2285 si
550 2247 606 2304 per
621 2248 756 2287 mensem
774 2228 930 2307 integrum

152 2321 249 2394 liant,
268 2321 413 2398 confessis
424 2333 452 2380 et
464 2321 716 2395 communicaris,
728 2324 829 2394 juxta
842 2344 932 2382 men-

155 2414 386 2496 tem'Ponir'ficis
398 2415 558 2476 orantibus
568 2457 577 2489 ‚
586 2415 809 2490 indulgentiam
823 2418 932 2491 pleno·

154 2514 254 2586 riano,
277 2513 368 2571 etiom
398 2532 456 2590 pro
491 2510 705 2586 defunctorum
741 2501 931 2585 animabus,

157 2609 323 2676 corrcossit;
338 2623 366 2667 et
378 2609 404 2666 si
415 2604 520 2682 infirm
531 2607 600 2664 vioe
614 2608 679 2685 quis
687 2608 809 2685 saciat,
827 2607 931 2669 indui·

155 2705 288 2784 gentium
306 2703 338 2764 in
353 2703 484 2765 articulo
499 2702 615 2764 mortis.
633 2702 648 2776 )
679 2727 681 2731 ¹
