1956 3608
242 194 266 273 ς.
284 212 329 255 rv.
348 207 565 257 cnotruurcts
580 207 743 254 micauri.
810 214 814 219 ·
840 188 879 255 35

110 304 317 383 superstitiones
330 322 481 385 nonquam
495 322 558 363 esse
569 301 682 374 licitas.
697 301 834 381 quamvis
843 319 880 361 ex

107 395 262 472 charitate,
284 407 336 461 aot
359 399 389 458 in
405 384 572 459 necessitate
590 395 672 457 liant.
695 396 880 475 Quaeautern

107 493 228 557 actiones
241 495 300 555 siut
314 512 404 555 necne
417 494 651 575 superstitiones,
668 489 735 550 vide
751 493 781 561 in
795 511 880 573 opere

105 590 163 661 <rt
178 588 229 651 39
257 587 305 647 An
325 604 457 667 uuquam
476 585 544 659 otior
568 585 672 647 rubore
694 583 829 647 suffectus
849 589 881 647 iu

101 667 279 743 molossione
292 678 406 761 aliquod
424 689 570 761 peccatum
592 680 759 739 reticuerit?
775 681 812 739 Et
825 679 880 743 bac

100 775 320 853 interrogatione
330 772 530 855 utplurimum
543 782 622 835 curet
632 774 765 833 sciscitari
778 773 880 849 rodes,

100 878 129 930 et
137 869 338 937 mulierculas.
351 870 401 946 qui
413 866 668 947 rarolrequontant
677 867 881 942 Sacramenta,

98 956 228 1021 dicendo
250 961 321 1020 eis:
354 961 475 1021 Forsan
501 958 612 1036 aliquis
636 959 705 1019 vitoe
729 972 881 1021 anteactos

97 1055 268 1130 serupulus
285 1067 312 1114 te
329 1053 452 1115 mortiet
472 1055 485 1114 i
503 1074 579 1114 curo
594 1074 678 1114 nnnc
691 1052 767 1115 bene
781 1056 891 1133 consi-¹

98 1146 180 1219 teri,
193 1145 244 1225 dio
251 1145 359 1206 omnio
374 1145 516 1222 libenter,
530 1146 595 1205 noli
608 1145 734 1219 timere,
753 1166 880 1205 omnem

96 1240 281 1317 snropnbrm
304 1239 344 1299 ab
369 1239 476 1299 animo
499 1251 555 1299 tua
573 1238 711 1315 depone,
734 1252 791 1299 etc.
816 1237 879 1299 Hac

100 1333 339 1410 interrogatione,
353 1333 446 1392 aiebat
457 1329 576 1412 quidam
585 1329 706 1410 diligens
717 1334 880 1413 operarius,

101 1446 118 1487 a
136 1445 168 1487 se
190 1423 296 1486 multas
318 1428 431 1486 animas
453 1447 468 1486 a
493 1424 720 1487 confessionibus
737 1426 877 1505 sacrilegis

102 1519 188 1580 brisso
201 1519 342 1581 liberatae
355 1520 387 1579 Si
398 1529 496 1580 autem
508 1522 628 1600 reperiat
640 1523 699 1597 iarn
709 1519 877 1599 hujusmodl

103 1614 243 1692 sacrilegia
263 1613 352 1673 luisse
368 1624 503 1693 patrata,
535 1624 567 1673 ut
584 1612 620 1672 de
643 1634 763 1673 nurnero
785 1625 878 1675 certus

105 1705 172 1782 fiat,
194 1709 346 1784 interroget
361 1708 494 1785 quoties,
508 1707 581 1765 intra
597 1703 651 1765 hoc
667 1714 804 1784 tempusa
819 1726 877 1787 quo

102 1801 368 1877 peccarecessavit‚
392 1796 539 1857 confessus
559 1799 614 1867 sit,
639 1806 666 1855 et
681 1801 878 1859 communica·
948 1796 951 1801 ’

103 1892 191 1959 verit;
210 1891 269 1949 etsi
283 1891 510 1967 quotiescunque
519 1888 707 1949 confitebatur
719 1930 727 1962 ,
742 1888 788 1948 rel
799 1910 879 1951 com-

103 1981 286 2055 πωώώεὶ,
304 1977 341 2040 ad
354 1977 529 2057 sacrilegium
542 1977 732 2038 advertebat?
748 1980 877 2061 Contigit

102 2076 179 2133 euim
192 2072 336 2152 aliquibus
350 2070 495 2133 interdum
507 2071 640 2151 sacrilege
648 2072 794 2148 confiteri,
805 2094 878 2154 prae-

103 2172 184 2249 cipue
197 2169 226 2227 in
242 2170 360 2248 pueritia
379 2208 388 2243 ‚
409 2177 438 2229 et
451 2178 547 2251 postea
561 2167 664 2229 borum
680 2167 808 2230 oblivisci
824 2189 832 2242 ς
846 2168 878 2231 hi

103 2266 179 2322 enim
204 2282 263 2323 non
286 2272 418 2323 tenentur
437 2261 474 2323 ad
501 2260 666 2343 repetendas
687 2263 877 2327 confessiones

104 2357 255 2417 oblivionis
267 2366 391 2435 tempore
402 2356 500 2417 factas.
516 2358 588 2416 ltem
600 2359 767 2432 interroget,
779 2369 877 2421 utrum

104 2450 231 2511 sciebant
246 2468 275 2508 se
287 2449 396 2531 talibus
409 2450 635 2511 confessionibus
652 2459 680 2509 et
697 2453 877 2512 communio-

103 2545 190 2603 nibus
217 2537 305 2603 eliarn
339 2553 508 2623 praeceptum
535 2542 665 2624 paschale
693 2553 878 2622 transgressos

104 2636 191 2699 luisse
206 2636 219 2696 i
237 2633 357 2716 Expedit
369 2647 464 2698 autern
476 2648 508 2697 ut
521 2637 580 2700 haec
592 2641 771 2717 interrogatio
784 2639 820 2700 de
830 2661 878 2701 sa-

104 2733 221 2812 crilegiis
230 2732 280 2792 irat
293 2718 321 2790 iu
332 2734 470 2814 principio
481 2734 682 2808 confessionis,
696 2737 766 2793 nesi
779 2746 875 2815 postea

105 2824 178 2901 fiat,
196 2836 223 2887 et
239 2828 395 2906 reperiatur
408 2829 466 2903 jarn
481 2831 666 2899 commissum
680 2827 876 2904 sacrilegium,

106 2927 218 3000 ternpus
228 2921 516 2981 teraturinutiliterin
526 2919 681 3005 repetenda
690 2919 877 3001 consessione,

139 3107 175 3170 (ι)
194 3106 270 3159 Torn.
283 3105 312 3175 1,
327 3104 371 3161 lib,
387 3107 417 3170 ὅ,
433 3122 464 3158 en
476 3121 550 3173 num.
567 3114 606 3172 14.

699 3191 770 3252 bb
