1956 3608
171 98 208 179 §ss
219 123 263 164 nr.
284 120 372 164 crece
385 121 535 164 orrrcrmr
547 120 702 167 nocnonrs.
780 122 817 183 η

49 219 191 296 parionem
205 257 215 291 ,
235 218 258 274 si
276 213 403 274 revelare
417 222 547 275 recusent
560 219 628 287 (1);
643 221 675 273 et
689 210 753 273 aliz
765 228 822 273 ert-

50 309 321 371 communicationes
336 308 446 382 obriae,
466 326 532 386 quae
544 306 689 368 observrri
703 310 824 386 ponunt

52 403 81 459 in
98 410 215 461 tractatu
232 398 268 458 de
281 400 419 459 censuris.
433 397 512 459 Sciat
523 396 564 456 ll.
576 395 748 473 distinguere
759 414 824 476 pec-

16 569 20 573 ·
53 504 146 555 catum
166 492 277 554 veniale
293 512 310 553 a
329 489 464 567 mortali,
482 490 583 552 saitem
606 492 637 553 in
665 510 698 551 eo
722 508 825 568 genere

53 608 111 668 quo
124 589 318 648 communiter
330 587 437 646 occurri
452 584 522 646 solet
537 605 545 658 3
559 595 587 647 et
598 583 635 645 de
646 582 709 644 aliis
722 582 824 645 saitem

53 680 184 742 dubitare
199 682 279 743 sciat.
293 680 350 740 111.
363 679 443 740 Sciat
456 680 687 756 interrogationes
699 697 772 759 quar
782 677 827 739 ia·

52 795 114 836 cere
136 774 243 848 debet,
273 774 502 833 circumstantias
527 780 705 852 peccatorum
726 771 827 835 saitem

52 872 179 950 speciem
201 875 369 941 mutantem
389 864 458 946 quid
479 867 634 929 constituat
650 866 827 929 oracionem

54 963 238 1042 proximam,
262 959 333 1042 quid
359 960 477 1023 inducat
505 950 692 1023 restitutionis
716 961 828 1040 obliga·

54 1059 162 1116 tionem
180 1078 189 1131 ς
216 1057 285 1116 item
305 1055 400 1135 quatis
420 1076 481 1118 esse
497 1056 600 1117 debeat
615 1054 739 1117 doloret
760 1075 830 1136 pro·

55 1153 203 1232 positum,
224 1160 253 1211 et
262 1149 390 1230 denique
404 1149 527 1212 remedia
543 1149 582 1211 ad
596 1147 827 1213 emendationem

55 1242 224 1306 efficaciora.
257 1245 294 1305 Et
314 1253 347 1304 ut
366 1245 502 1305 brevibus
519 1265 567 1307 me
579 1244 757 1325 expediam,
779 1244 829 1306 ai·

56 1339 141 1399 firmo
156 1340 187 1398 in
207 1347 282 1400 statu
302 1336 497 1399 damnationis
513 1360 574 1399 esse
591 1360 657 1400 euru
678 1339 829 1401 Confessa-

56 1436 132 1495 rinm
147 1435 274 1514 quisine
289 1434 442 1495 sufficienti
456 1436 570 1494 scientia
585 1433 622 1494 ad
640 1435 830 1496 consessiones

56 1528 238 1609 excipiendas
261 1549 292 1590 se
315 1532 442 1610 exponit.
481 1530 560 1588 Deus
582 1527 645 1608 ipse'
662 1529 708 1589 his
735 1531 830 1589 verbis

57 1643 125 1684 eum
136 1625 284 1704 repmbat:
303 1623 458 1704 Quoniam
469 1637 501 1684 tu
511 1625 672 1686 scientiam
679 1626 828 1704 repulisti,

56 1722 205 1801 repellam
219 1734 263 1791 te,
277 1740 319 1780 ne
331 1720 513 1782 Sacerdotio
519 1721 663 1800 fungaris
680 1721 756 1782 nrihr'
771 1725 828 1795 (2).

59 1815 121 1876 Nec
133 1812 282 1876 excusabit
298 1832 366 1873 eum
381 1813 512 1892 Episcopi
527 1815 711 1894 approbatio,
730 1818 753 1875 si
765 1836 834 1876 me·

59 1909 164 1972 niteste
182 1901 296 1970 noverit
318 1927 349 1968 sc
373 1906 530 1968 inhabilem
546 1928 554 1965 :
573 1908 738 1988 approbatio
751 1913 834 1972 enim

61 2022 122 2065 non
144 2000 272 2063 infundit
290 2004 437 2069 scientiam
460 2003 672 2078 necessariam,
696 2002 746 2063 sed
765 2023 836 2086 rup-

61 2099 153 2179 ponit.
179 2097 250 2159 Dico
263 2098 441 2175 manifeste,
459 2095 530 2155 dum
545 2098 595 2176 qui
615 2106 729 2158 tanturn
747 2097 836 2160 dubi-

62 2202 157 2265 taret,
178 2192 252 2251 bene
265 2199 381 2269 potest,
408 2193 469 2250 imo
488 2188 573 2251 debet
587 2193 730 2271 quiescere
744 2195 773 2252 in
790 2199 836 2256 sui

64 2286 225 2368 Superioris
248 2282 355 2361 jndicio
378 2284 525 2360 confisus,
547 2286 570 2342 si
586 2284 686 2346 saltem
704 2285 837 2349 seduliori

65 2380 161 2444 studio
182 2399 212 2440 11
234 2376 361 2439 habilem
386 2377 502 2438 reddere
528 2387 648 2456 satagat.
681 2379 721 2443 At
739 2381 838 2444 nullus
887 2398 894 2419 ¹

66 2475 266 2539 confessarius
283 2475 469 2534 intermittere
494 2471 578 2533 debet
597 2475 626 2537 T
627 2473 762 2555 heoiogiaa
777 2498 840 2541 mo·

67 2573 134 2637 reiis
147 2567 297 2639 studium,
315 2573 384 2650 quia
404 2589 439 2630 ex
462 2579 503 2630 tot
522 2570 605 2629 rebus
620 2560 679 2630 tam
696 2570 838 2649 diversis,

68 2676 98 2742 et
111 2660 188 2727 inter
200 2685 230 2731 11
245 2664 407 2746 disparibus
420 2708 430 2740 ,
458 2685 522 2745 quae
542 2663 579 2724 ad
597 2663 673 2725 hanc
690 2669 838 2729 scientiam

70 2761 231 2838 pertinent,
255 2758 365 2834 multa,
386 2760 520 2838 quamvis
544 2756 635 2831 lecta,
660 2761 727 2836 quia
748 2762 840 2819 rarius

71 2850 221 2930 accidunt,
235 2856 370 2933 temporis
383 2871 528 2932 progressu
546 2871 562 2910 e
576 2860 672 2910 mente
687 2848 822 2914 decidunt
829 2876 839 2925 -;

106 3025 143 3088 <o
159 3023 399 3092 nonum-421·
502 3021 722 3164 <coempt-

701 3124 721 3166 2
