1956 3608
201 244 228 319 §.
240 263 275 306 ιι.
289 261 329 304 nr
339 257 493 305 onturonu
504 259 681 303 connum.
692 284 702 319 ,
715 251 769 303 ete.
814 260 867 321 ¹77

98 351 248 417 annihilet.
256 351 706 413 Ariditassensosestsobtractio
714 347 875 410 deuotionis

99 444 239 507 sensibilis
255 487 265 518 ,
290 443 341 505 sed
354 443 471 524 ariditas
487 447 602 523 spiritus
613 454 656 505 est
672 441 804 525 quaedam
824 442 874 504 lox

98 537 218 616 divina,
241 559 300 618 qna
327 539 409 599 Deos
431 537 498 598 facit
520 546 552 596 ut
575 540 670 597 anima
695 558 780 597 suom
799 535 874 596 nihil

99 640 240 708 agnetem.
270 634 367 711 Atque
384 629 433 691 bic
445 640 488 690 est
509 630 557 688 ubi
576 631 673 689 anima
690 634 822 691 secernit
840 632 873 690 in
904 702 916 711 ,

98 723 224 804 quadarn
240 724 400 784 terribiliori
414 725 534 801 agoniam
547 742 616 782 nam
626 724 680 781 etsi
689 732 756 782 tnnc
766 726 874 802 ipunit

98 821 189 896 magis
197 815 875 889 determinataadseuinoenduminornnibus,et

98 908 874 991 magisattentaadDeoplacendum,nihilominuo,qno

97 1009 191 1086 tnagis
200 1008 326 1084 agnoscit
340 1027 405 1068 suas
415 1007 643 1088 imperfectiones
655 1050 664 1081 ,
678 1026 713 1067 eo
726 1007 779 1065 sibi
795 1005 875 1066 vide-

98 1110 174 1162 tura
190 1100 254 1161 Deo
267 1100 405 1182 expulsa,
422 1113 510 1182 atque
523 1100 655 1163 derelicta
673 1111 811 1182 tanquam
826 1105 875 1162 in-

97 1190 175 1273 =grata
198 1194 342 1256 benefieiis
360 1198 492 1274 acceptis.
515 1194 578 1254 imo
593 1205 621 1255 et
636 1200 697 1274 ipsa
716 1195 873 1273 spiritualia

98 1288 230 1347 exercitia
244 1329 254 1362 ,
275 1307 340 1367 quae
354 1289 480 1367 peragit,
501 1297 533 1347 ut
546 1297 614 1348 suut
625 1289 765 1348 orationes
776 1332 785 1364 ,
796 1309 875 1349 com-

99 1383 270 1455 muniones,
290 1380 541 1455 mortificationes,
557 1401 622 1443 eam
643 1384 733 1460 magis
750 1385 874 1444 contris-

98 1480 160 1531 tant
174 1492 181 1542 ;
197 1491 265 1533 narn
278 1493 344 1533 curn
358 1492 390 1533 ea
406 1476 503 1534 omnia
517 1492 576 1532 non
585 1476 653 1545 ¹sine
669 1492 772 1552 magno
782 1466 874 1535 'taedio

98 1573 127 1623 et
136 1582 219 1642 poena
234 1563 381 1643 perficiat,
395 1562 483 1624 credit
496 1566 593 1623 omnia
608 1564 694 1641 digna
707 1566 873 1645 suppliciis,

98 1667 127 1717 et
140 1676 171 1716 se
184 1657 246 1717 Deo
265 1655 455 1717 odibiliorem.
481 1657 582 1734 Quin,
605 1656 750 1717 multoties
767 1664 872 1721 animae

98 1752 158 1810 istae
182 1748 317 1809 videntur
343 1750 397 1809 sibi
424 1767 603 1828 summopere
630 1747 723 1810 odisse
747 1751 872 1825 Deum,

98 1862 187 1923 quam
200 1847 238 1904 ob
251 1863 367 1906 causam
382 1843 462 1903 Deus
473 1863 521 1905 eas
532 1853 591 1905 tarn
602 1846 793 1924 reprobaverit
807 1856 873 1907 tan-

98 1958 186 2018 quam
200 1940 254 1997 sibi
271 1938 417 2009 inimicas,
435 1946 464 1996 el
482 1934 576 1998 adbuc
597 1940 628 1996 in
645 1941 704 2021 uita
718 1939 802 2001 faciat
816 1942 872 2002 illis

97 2034 218 2112 experiri
246 2030 446 2090 damnatorum
465 2049 585 2110 poenas,
614 2041 642 2090 et
667 2030 797 2092 divinam
820 2035 873 2095 de-

98 2124 282 2186 relictionem.
319 2126 354 2184 Et
379 2123 535 2204 aliquando
561 2125 643 2186 Deus
673 2128 810 2205 permittit
840 2137 873 2189 ut

97 2217 264 2294 hujusmodi
273 2217 725 2280 desolationescomitenturmille
735 2219 797 2282 atta
808 2231 871 2283 ten-

98 2314 240 2384 tationes,
254 2318 282 2369 et
296 2319 391 2369 motos
402 2312 594 2389 impuritatis,
607 2314 780 2389 iracundia,
794 2316 872 2376 blas*

98 2406 242 2485 phemiae,
265 2399 486 2476 incredulitatis,
507 2413 536 2463 et
560 2409 712 2483 presertim
735 2406 871 2485 despera·

99 2500 184 2560 tionis
198 2517 206 2554 ε
221 2499 259 2555 ita
275 2506 306 2555 ut
323 2498 452 2571 miserae,
473 2499 503 2556 in
519 2517 622 2574 magna
640 2497 687 2558 illa
703 2499 871 2563 obscuritate

99 2602 126 2652 et
134 2588 299 2654 confusione
310 2607 369 2649 non
378 2589 462 2651 valen
467 2599 506 2650 tes
516 2589 675 2652 discernere
683 2595 870 2658 resistentiam

99 2685 256 2749 voluntatis
276 2686 362 2762 (quae
377 2703 473 2746 revera
490 2695 558 2748 tunc
571 2685 666 2763 adest,
685 2689 735 2750 sed
747 2693 815 2770 ipsis
828 2703 871 2755 est

101 2777 231 2850 occulta,
256 2786 307 2837 aut
330 2777 430 2838 saltem
450 2777 535 2839 dubia
559 2783 667 2840 ratione
689 2787 870 2860 praesentiurn

100 2871 330 2944 tenebrarum),
354 2874 454 2932 timent
470 2877 528 2949 jam
542 2877 738 2947 consensisse,
762 2885 790 2935 et
806 2875 870 2939 ideo

100 2975 180 3026 tanto
198 2967 287 3038 magis
303 2967 468 3024 existimant
487 2987 516 3024 se
529 2966 702 3027 derelictura
720 2967 790 3029 Deo.

103 3096 109 3105 ·
147 3059 208 3117 130.
230 3056 284 3116 llic
298 3075 363 3133 ergo
377 3055 575 3117 Confessarius
591 3058 707 3137 quando
729 3064 754 3120 ei
773 3062 868 3145 aliqua

101 3171 136 3213 ex
147 3152 299 3213 animabus
312 3151 374 3213 istis
383 3154 524 3231 occurrit,
538 3155 677 3236 qoniam
686 3157 885 3235 ambuletper
