1956 3608
154 222 214 263 222
375 214 477 263 etms
497 217 706 262 Commi·

155 313 296 374 suavitate
309 310 454 392 quadarn,
472 321 501 371 et
516 311 666 373 voluntate
681 331 753 393 pura
768 315 854 375 unice
867 312 920 373 neo

154 404 294 487 pinsendi.
316 405 469 466 Assembat
493 405 526 466 S.
550 405 726 467 Thermia-2
758 406 810 468 Ne
828 426 920 469 vasu·

153 523 226 562 mnr
236 499 367 578 relinqui
381 501 641 564 irremunemtom
660 503 775 563 o-Deo
793 503 840 564 cel
860 501 921 563 uni-

152 618 222 658 com
242 595 441 656 elevationem
467 596 650 670 oculorum,
671 597 715 658 ad
737 599 808 672 eius
829 616 920 662 recor·

64 694 69 699 '
152 690 321 752 dationem.

197 784 263 864 169.
284 783 328 844 X.
345 784 473 862 Dirigero
483 786 673 845 intentionem
685 781 821 865 piaoendi
832 785 920 846 Dooin

154 898 328 960 quacunque
348 883 459 940 actione
479 877 667 958 quotidiana,
693 881 756 939 sive
773 878 922 961 spirituali,

153 977 215 1035 sive
223 975 375 1053 corporali,
387 972 523 1036 dicendo:
533 973 669 1050 Domine,
677 972 732 1037 hoc
741 975 921 1045 iaciotautun

152 1080 184 1129 ut
200 1069 325 1148 placeam
342 1070 402 1128 tibi.
425 1070 512 1128 Recta
528 1071 650 1128 intentio
666 1069 829 1150 appellatur
842 1069 923 1131 aichi-

153 1166 212 1224 mia
228 1162 404 1244 spiritualis,
419 1183 484 1244 quae
499 1181 599 1222 omnes
613 1165 740 1224 actiones
755 1167 839 1225 etiarn
851 1165 924 1224 vilio·

156 1279 219 1333 res,
239 1279 340 1319 aureas
355 1260 431 1319 lacit.
779 1331 781 1335 Ι

200 1371 265 1430 ¹7⁰·
289 1354 344 1413 ΧΙ.
366 1355 532 1430 Quotannis
556 1355 689 1412 exercitia
711 1349 868 1432 spiritualia
885 1371 926 1434 pc·

154 1467 251 1525 regere
265 1467 313 1525 per
327 1456 410 1519 octo,
434 1445 482 1506 vel
495 1444 594 1506 decem
613 1445 694 1520 dies,
715 1446 926 1520 alienandose,
971 1446 973 1455 '

155 1548 298 1618 quantum
314 1538 375 1597 fieri
390 1547 497 1618 potest,
515 1539 552 1598 ab
564 1541 643 1598 omni
657 1543 895 1616 conversatione,
906 1547 927 1598 et

155 1630 252 1694 officio
262 1632 340 1714 quod
354 1632 551 1694 distractiones
571 1631 692 1705 afferat,
714 1643 747 1693 ut
763 1634 857 1695 solum
872 1652 928 1696 curn
971 1632 973 1639 ’

156 1731 221 1791 Deo
245 1741 382 1791 versetur.
415 1730 554 1790 Similiter
574 1728 693 1808 singuiis
716 1731 867 1791 mensibus
882 1729 930 1792 ali-

157 1846 245 1906 quam
262 1825 337 1885 diem
352 1824 388 1885 ad
405 1844 435 1883 se
449 1823 639 1902 colligendum
655 1822 810 1886 destinare.
827 1826 931 1887 Devote

158 1919 299 1979 celebrare
322 1937 451 1978 novenas
471 1921 632 1978 nativitatis
654 1917 798 1993 Domini,
816 1919 932 2000 Spiritus

157 2012 279 2088 Sancti,
310 2023 418 2093 septem
451 2012 639 2072 festivitatum
670 2013 795 2088 Mariae,
825 2013 858 2073 S.
882 2014 936 2074 loe

160 2109 270 2190 sephi,
308 2109 400 2185 angeli
426 2111 470 2168 sui
499 2106 650 2181 custodis,
690 2117 719 2168 et
743 2111 835 2171 sancti
861 2119 934 2170 tute-

161 2206 236 2264 laris.
268 2203 303 2260 ln
324 2201 369 2260 his
392 2204 512 2259 novenis
534 2203 635 2280 poterit
656 2200 788 2282 quotidie
806 2202 936 2263 accedere

160 2295 197 2358 ad
211 2297 444 2356 communionem
461 2336 475 2370 ,
491 2294 599 2355 orando
614 2315 663 2376 per
675 2295 800 2373 horam,
821 2296 869 2357 vel
883 2295 936 2357 sal·

66 2440 70 2457 .
161 2404 219 2454 tem
242 2388 412 2469 dimidiam,
433 2389 498 2472 plus
515 2400 659 2452 consueto.
681 2391 812 2475 Recitare
827 2391 936 2472 aliquas

162 2489 232 2550 alias
256 2489 397 2548 orationes
419 2485 554 2560 vocales,
573 2483 697 2544 sednon
712 2483 820 2546 multas
835 2507 844 2557 ς
869 2506 938 2567 quo-

161 2585 241 2640 niam
266 2580 348 2659 louge
374 2580 474 2639 melius
499 2582 552 2640 erit
576 2598 705 2640 exercere
717 2578 937 2641 determinatum

163 2673 320 2755 quemdam
335 2692 489 2732 numerum
507 2684 625 2735 actuum
646 2676 775 2749 amoris,
798 2675 846 2741 vel
861 2678 938 2736 simi·

136 2771 247 2831 'lium

208 2885 275 2945 ¹71·
291 2863 362 2924 ΧΠ.
385 2863 500 2924 Habere
512 2861 694 2924 devotionem
710 2864 864 2944 specialem
878 2882 938 2942 erga

165 2961 198 3021 S:
221 2958 349 3040 loseph,
380 2957 513 3037 angeium
542 2976 626 3018 suum
651 2955 832 3032 custodem,
856 2957 939 3018 sanc·

165 3064 227 3112 tum
259 3074 344 3115 snum
373 3053 549 3128 tutelarem,
579 3054 719 3135 precipue
737 3071 803 3132 erga
821 3053 855 3115 S.
883 3054 941 3114 Mi·

155 3145 310 3228 ‚cir'aelem,
323 3147 520 3213 universalem
527 3156 693 3210 cunctorum
705 3145 835 3209 fidelium
846 3159 940 3231 petro·
