<?xml version="1.0" encoding="UTF-8"?>
<!DOCTYPE html PUBLIC "-//W3C//DTD XHTML 1.0 Transitional//EN"
    "http://www.w3.org/TR/xhtml1/DTD/xhtml1-transitional.dtd">
<html xmlns="http://www.w3.org/1999/xhtml" xml:lang="en" lang="en">
 <head>
  <title>
</title>
<meta http-equiv="Content-Type" content="text/html;charset=utf-8" />
  <meta name='ocr-system' content='tesseract 3.04.00' />
  <meta name='ocr-capabilities' content='ocr_page ocr_carea ocr_par ocr_line ocrx_word'/>
</head>
<body>
  <div class='ocr_page' id='page_1' title='image "./praxiaconfessar00ligugoog/praxiaconfessar00ligugoog_0162.png"; bbox 0 0 1956 3608; ppageno 0'>
   <div class='ocr_carea' id='block_1_1' title="bbox 202 218 878 292">
    <p class='ocr_par' dir='ltr' id='par_1_1' title="bbox 202 218 878 292">
     <span class='ocr_line' id='line_1_1' title="bbox 202 218 878 292; baseline 0.006 -13"><span class='ocrx_word' id='word_1_1' title='bbox 202 218 231 292; x_wconf 64' lang='grc' dir='ltr'>ς.</span> <span class='ocrx_word' id='word_1_2' title='bbox 246 236 303 280; x_wconf 84' lang='lat' dir='ltr'>ru.</span> <span class='ocrx_word' id='word_1_3' title='bbox 323 234 389 279; x_wconf 83' lang='lat' dir='ltr'>eure</span> <span class='ocrx_word' id='word_1_4' title='bbox 400 228 580 279; x_wconf 70' lang='lat' dir='ltr'>memneris</span> <span class='ocrx_word' id='word_1_5' title='bbox 594 230 776 281; x_wconf 71' lang='lat' dir='ltr'>Antenore.</span> <span class='ocrx_word' id='word_1_6' title='bbox 822 222 878 283; x_wconf 78' lang='lat'>153</span> 
     </span>
    </p>
   </div>
   <div class='ocr_carea' id='block_1_2' title="bbox 106 318 880 689">
    <p class='ocr_par' dir='ltr' id='par_1_2' title="bbox 106 318 880 689">
     <span class='ocr_line' id='line_1_2' title="bbox 107 318 880 410; baseline 0.005 -26"><span class='ocrx_word' id='word_1_7' title='bbox 107 318 236 403; x_wconf 81' lang='lat' dir='ltr'>daemon,</span> <span class='ocrx_word' id='word_1_8' title='bbox 250 331 429 409; x_wconf 70' lang='lat' dir='ltr'>permittente</span> <span class='ocrx_word' id='word_1_9' title='bbox 440 328 516 406; x_wconf 86' lang='lat' dir='ltr'>Deo,</span> <span class='ocrx_word' id='word_1_10' title='bbox 528 330 637 410; x_wconf 85' lang='lat' dir='ltr'>absque</span> <span class='ocrx_word' id='word_1_11' title='bbox 644 327 770 389; x_wconf 91' lang='lat' dir='ltr'>bominis</span> <span class='ocrx_word' id='word_1_12' title='bbox 778 324 880 405; x_wconf 82' lang='lat' dir='ltr'>culpa,</span> 
     </span>
     <span class='ocr_line' id='line_1_3' title="bbox 106 416 880 503; baseline 0.004 -26"><span class='ocrx_word' id='word_1_13' title='bbox 106 416 880 503; x_wconf 76' lang='lat' dir='ltr'>manusilliusadmorereadsetactibuspollueudumi</span> 
     </span>
     <span class='ocr_line' id='line_1_4' title="bbox 106 510 880 598; baseline 0.001 -27"><span class='ocrx_word' id='word_1_14' title='bbox 106 510 238 576; x_wconf 63' lang='lat' dir='ltr'>affirmat</span> <span class='ocrx_word' id='word_1_15' title='bbox 252 526 331 598; x_wconf 88' lang='lat' dir='ltr'>pater</span> <span class='ocrx_word' id='word_1_16' title='bbox 345 518 474 577; x_wconf 87' lang='lat' dir='ltr'>Gravina</span> <span class='ocrx_word' id='word_1_17' title='bbox 491 515 707 593; x_wconf 78' lang='lat' dir='ltr'>dominicanus,</span> <span class='ocrx_word' id='word_1_18' title='bbox 721 526 749 577; x_wconf 92' lang='lat' dir='ltr'>et</span> <span class='ocrx_word' id='word_1_19' title='bbox 759 512 880 597; x_wconf 90' lang='lat' dir='ltr'>quidem</span> 
     </span>
     <span class='ocr_line' id='line_1_5' title="bbox 106 607 879 689; baseline 0.004 -21"><span class='ocrx_word' id='word_1_20' title='bbox 106 610 306 686; x_wconf 75' lang='lat' dir='ltr'>probabiliter:</span> <span class='ocrx_word' id='word_1_21' title='bbox 323 612 346 668; x_wconf 92' lang='lat' dir='ltr'>si</span> <span class='ocrx_word' id='word_1_22' title='bbox 361 612 439 669; x_wconf 90' lang='lat' dir='ltr'>enim</span> <span class='ocrx_word' id='word_1_23' title='bbox 451 608 528 669; x_wconf 85' lang='lat' dir='ltr'>valet</span> <span class='ocrx_word' id='word_1_24' title='bbox 543 607 655 669; x_wconf 77' lang='lat' dir='ltr'>damon</span> <span class='ocrx_word' id='word_1_25' title='bbox 674 619 763 669; x_wconf 90' lang='lat' dir='ltr'>totum</span> <span class='ocrx_word' id='word_1_26' title='bbox 776 627 879 689; x_wconf 79' lang='lat' dir='ltr'>eorpus</span> 
     </span>
    </p>
   </div>
   <div class='ocr_carea' id='block_1_3' title="bbox 81 700 951 3216">
    <p class='ocr_par' dir='ltr' id='par_1_3' title="bbox 81 700 951 2092">
     <span class='ocr_line' id='line_1_6' title="bbox 104 700 879 780; baseline 0.003 -20"><span class='ocrx_word' id='word_1_27' title='bbox 104 700 224 777; x_wconf 81' lang='lat' dir='ltr'>alieuius</span> <span class='ocrx_word' id='word_1_28' title='bbox 239 722 375 777; x_wconf 84' lang='lat' dir='ltr'>movere,</span> <span class='ocrx_word' id='word_1_29' title='bbox 393 712 427 762; x_wconf 91' lang='lat' dir='ltr'>ut</span> <span class='ocrx_word' id='word_1_30' title='bbox 440 712 573 762; x_wconf 86' lang='lat' dir='ltr'>narratur</span> <span class='ocrx_word' id='word_1_31' title='bbox 584 701 620 760; x_wconf 86' lang='lat' dir='ltr'>de</span> <span class='ocrx_word' id='word_1_32' title='bbox 638 701 756 762; x_wconf 85' lang='lat' dir='ltr'>Simone</span> <span class='ocrx_word' id='word_1_33' title='bbox 772 704 879 780; x_wconf 86' lang='lat' dir='ltr'>Mago,</span> 
     </span>
     <span class='ocr_line' id='line_1_7' title="bbox 103 794 881 875; baseline 0.001 -21"><span class='ocrx_word' id='word_1_34' title='bbox 103 814 154 875; x_wconf 89' lang='lat' dir='ltr'>ope</span> <span class='ocrx_word' id='word_1_35' title='bbox 170 794 309 857; x_wconf 88' lang='lat' dir='ltr'>daemonis</span> <span class='ocrx_word' id='word_1_36' title='bbox 325 799 355 854; x_wconf 92' lang='lat' dir='ltr'>in</span> <span class='ocrx_word' id='word_1_37' title='bbox 370 814 463 855; x_wconf 85' lang='lat' dir='ltr'>aerem</span> <span class='ocrx_word' id='word_1_38' title='bbox 478 795 611 866; x_wconf 79' lang='lat' dir='ltr'>sublat03</span> <span class='ocrx_word' id='word_1_39' title='bbox 629 815 679 855; x_wconf 88' lang='lat' dir='ltr'>cur</span> <span class='ocrx_word' id='word_1_40' title='bbox 699 813 758 853; x_wconf 91' lang='lat' dir='ltr'>non</span> <span class='ocrx_word' id='word_1_41' title='bbox 777 798 881 873; x_wconf 86' lang='lat' dir='ltr'>poterit</span> 
     </span>
     <span class='ocr_line' id='line_1_8' title="bbox 81 884 880 967; baseline 0.001 -22"><span class='ocrx_word' id='word_1_42' title='bbox 81 934 85 940; x_wconf 94' lang='lat'>.</span> <span class='ocrx_word' id='word_1_43' title='bbox 102 896 132 947; x_wconf 90' lang='lat' dir='ltr'>et·</span> <span class='ocrx_word' id='word_1_44' title='bbox 141 908 266 950; x_wconf 90' lang='lat' dir='ltr'>manum</span> <span class='ocrx_word' id='word_1_45' title='bbox 278 888 292 946; x_wconf 71' lang='grc' dir='ltr'>’τ’</span> <span class='ocrx_word' id='word_1_46' title='bbox 306 889 463 961; x_wconf 82' lang='lat' dir='ltr'>Praeterea,</span> <span class='ocrx_word' id='word_1_47' title='bbox 486 891 509 946; x_wconf 89' lang='lat' dir='ltr'>si</span> <span class='ocrx_word' id='word_1_48' title='bbox 524 884 635 947; x_wconf 88' lang='lat' dir='ltr'>daemon</span> <span class='ocrx_word' id='word_1_49' title='bbox 652 896 742 967; x_wconf 87' lang='lat' dir='ltr'>potest</span> <span class='ocrx_word' id='word_1_50' title='bbox 759 885 880 962; x_wconf 78' lang='lat' dir='ltr'>alicujus</span> 
     </span>
     <span class='ocr_line' id='line_1_9' title="bbox 102 980 880 1060; baseline -0.003 -18"><span class='ocrx_word' id='word_1_51' title='bbox 102 1000 285 1042; x_wconf 88' lang='lat' dir='ltr'>commovere</span> <span class='ocrx_word' id='word_1_52' title='bbox 296 980 440 1058; x_wconf 81' lang='lat' dir='ltr'>linguam,</span> <span class='ocrx_word' id='word_1_53' title='bbox 456 992 487 1042; x_wconf 88' lang='lat' dir='ltr'>nt</span> <span class='ocrx_word' id='word_1_54' title='bbox 500 984 608 1042; x_wconf 87' lang='lat' dir='ltr'>invitus</span> <span class='ocrx_word' id='word_1_55' title='bbox 621 980 741 1060; x_wconf 80' lang='lat' dir='ltr'>proferat</span> <span class='ocrx_word' id='word_1_56' title='bbox 756 981 880 1040; x_wconf 88' lang='lat' dir='ltr'>obscena</span> 
     </span>
     <span class='ocr_line' id='line_1_10' title="bbox 103 1072 879 1154; baseline -0.001 -20"><span class='ocrx_word' id='word_1_57' title='bbox 103 1077 214 1149; x_wconf 80' lang='lat' dir='ltr'>rerba,</span> <span class='ocrx_word' id='word_1_58' title='bbox 240 1083 290 1134; x_wconf 86' lang='lat' dir='ltr'>aut</span> <span class='ocrx_word' id='word_1_59' title='bbox 304 1074 495 1154; x_wconf 82' lang='lat' dir='ltr'>blasphemias</span> <span class='ocrx_word' id='word_1_60' title='bbox 516 1086 612 1136; x_wconf 87' lang='lat' dir='ltr'>contra</span> <span class='ocrx_word' id='word_1_61' title='bbox 635 1075 754 1148; x_wconf 87' lang='lat' dir='ltr'>Deum,</span> <span class='ocrx_word' id='word_1_62' title='bbox 774 1072 879 1153; x_wconf 88' lang='lat' dir='ltr'>quidni</span> 
     </span>
     <span class='ocr_line' id='line_1_11' title="bbox 101 1169 879 1248; baseline -0.003 -21"><span class='ocrx_word' id='word_1_63' title='bbox 101 1186 206 1228; x_wconf 84' lang='lat' dir='ltr'>manus</span> <span class='ocrx_word' id='word_1_64' title='bbox 221 1178 253 1228; x_wconf 95' lang='lat' dir='ltr'>ut</span> <span class='ocrx_word' id='word_1_65' title='bbox 268 1171 360 1248; x_wconf 89' lang='lat' dir='ltr'>turpia</span> <span class='ocrx_word' id='word_1_66' title='bbox 375 1169 545 1248; x_wconf 82' lang='lat' dir='ltr'>patrentur?</span> <span class='ocrx_word' id='word_1_67' title='bbox 558 1170 639 1229; x_wconf 86' lang='lat' dir='ltr'>idem</span> <span class='ocrx_word' id='word_1_68' title='bbox 651 1172 737 1228; x_wconf 84' lang='lat' dir='ltr'>sentit</span> <span class='ocrx_word' id='word_1_69' title='bbox 750 1169 879 1228; x_wconf 73' lang='lat' dir='ltr'>Cardia.</span> 
     </span>
     <span class='ocr_line' id='line_1_12' title="bbox 102 1262 879 1344; baseline -0.003 -22"><span class='ocrx_word' id='word_1_70' title='bbox 102 1263 259 1336; x_wconf 84' lang='lat' dir='ltr'>Petrucci,</span> <span class='ocrx_word' id='word_1_71' title='bbox 270 1264 288 1321; x_wconf 89' lang='lat' dir='ltr'>l.</span> <span class='ocrx_word' id='word_1_72' title='bbox 298 1285 418 1323; x_wconf 74' lang='lat' dir='ltr'>enum.</span> <span class='ocrx_word' id='word_1_73' title='bbox 429 1265 455 1324; x_wconf 90' lang='lat'>8.</span> <span class='ocrx_word' id='word_1_74' title='bbox 471 1266 521 1324; x_wconf 90' lang='lat' dir='ltr'>ubi</span> <span class='ocrx_word' id='word_1_75' title='bbox 533 1268 573 1323; x_wconf 83' lang='lat' dir='ltr'>sir.</span> <span class='ocrx_word' id='word_1_76' title='bbox 582 1266 694 1344; x_wconf 85' lang='lat' dir='ltr'>inquit:</span> <span class='ocrx_word' id='word_1_77' title='bbox 708 1262 879 1323; x_wconf 86' lang='lat' dir='ltr'>ll&#39;onsemel</span> 
     </span>
     <span class='ocr_line' id='line_1_13' title="bbox 101 1359 880 1438; baseline -0.008 -19"><span class='ocrx_word' id='word_1_78' title='bbox 101 1364 293 1435; x_wconf 81' lang='lat' dir='ltr'>compertum</span> <span class='ocrx_word' id='word_1_79' title='bbox 298 1359 412 1434; x_wconf 85' lang='lat' dir='ltr'>fuisse,</span> <span class='ocrx_word' id='word_1_80' title='bbox 426 1362 512 1438; x_wconf 78' lang='lat' dir='ltr'>qrtod</span> <span class='ocrx_word' id='word_1_81' title='bbox 523 1360 648 1422; x_wconf 79' lang='lat' dir='ltr'>daemon</span> <span class='ocrx_word' id='word_1_82' title='bbox 660 1360 797 1438; x_wconf 78' lang='lat' dir='ltr'>aliquam</span> <span class='ocrx_word' id='word_1_83' title='bbox 804 1376 880 1435; x_wconf 79' lang='lat' dir='ltr'>pur·</span> 
     </span>
     <span class='ocr_line' id='line_1_14' title="bbox 100 1451 876 1532; baseline -0.004 -21"><span class='ocrx_word' id='word_1_84' title='bbox 100 1464 158 1514; x_wconf 86' lang='lat' dir='ltr'>tem</span> <span class='ocrx_word' id='word_1_85' title='bbox 170 1453 202 1510; x_wconf 84' lang='lat' dir='ltr'>in</span> <span class='ocrx_word' id='word_1_86' title='bbox 213 1452 351 1512; x_wconf 74' lang='lat' dir='ltr'>trumono</span> <span class='ocrx_word' id='word_1_87' title='bbox 365 1473 491 1526; x_wconf 83' lang='lat' dir='ltr'>corpore</span> <span class='ocrx_word' id='word_1_88' title='bbox 506 1457 630 1530; x_wconf 82' lang='lat' dir='ltr'>coeperit</span> <span class='ocrx_word' id='word_1_89' title='bbox 641 1451 876 1532; x_wconf 76' lang='lat' dir='ltr'>quodammodo</span> 
     </span>
     <span class='ocr_line' id='line_1_15' title="bbox 97 1545 876 1625; baseline -0.003 -19"><span class='ocrx_word' id='word_1_90' title='bbox 97 1545 274 1623; x_wconf 79' lang='lat' dir='ltr'>possidere,</span> <span class='ocrx_word' id='word_1_91' title='bbox 296 1559 371 1621; x_wconf 85' lang='lat' dir='ltr'>puta</span> <span class='ocrx_word' id='word_1_92' title='bbox 390 1550 516 1618; x_wconf 84' lang='lat' dir='ltr'>oeulos,</span> <span class='ocrx_word' id='word_1_93' title='bbox 537 1549 692 1625; x_wconf 82' lang='lat' dir='ltr'>linguam,</span> <span class='ocrx_word' id='word_1_94' title='bbox 716 1548 760 1607; x_wconf 74' lang='lat' dir='ltr'>vet</span> <span class='ocrx_word' id='word_1_95' title='bbox 782 1548 876 1607; x_wconf 86' lang='lat' dir='ltr'>etium</span> 
     </span>
     <span class='ocr_line' id='line_1_16' title="bbox 99 1638 877 1718; baseline -0.001 -19"><span class='ocrx_word' id='word_1_96' title='bbox 99 1640 242 1700; x_wconf 75' lang='lat' dir='ltr'>verenda.</span> <span class='ocrx_word' id='word_1_97' title='bbox 261 1641 344 1699; x_wconf 83' lang='lat' dir='ltr'>Hinc</span> <span class='ocrx_word' id='word_1_98' title='bbox 355 1638 538 1718; x_wconf 70' lang='lat' dir='ltr'>fittinguom</span> <span class='ocrx_word' id='word_1_99' title='bbox 551 1640 769 1698; x_wconf 84' lang='lat' dir='ltr'>obscenissimo</span> <span class='ocrx_word' id='word_1_100' title='bbox 784 1640 877 1698; x_wconf 82' lang='lat' dir='ltr'>verba</span> 
     </span>
     <span class='ocr_line' id='line_1_17' title="bbox 98 1734 877 1810; baseline -0.004 -16"><span class='ocrx_word' id='word_1_101' title='bbox 98 1735 255 1810; x_wconf 82' lang='lat' dir='ltr'>proferre,</span> <span class='ocrx_word' id='word_1_102' title='bbox 276 1734 345 1794; x_wconf 88' lang='lat' dir='ltr'>licet</span> <span class='ocrx_word' id='word_1_103' title='bbox 358 1755 444 1794; x_wconf 87' lang='lat' dir='ltr'>mens</span> <span class='ocrx_word' id='word_1_104' title='bbox 459 1734 534 1793; x_wconf 85' lang='lat' dir='ltr'>talia</span> <span class='ocrx_word' id='word_1_105' title='bbox 554 1746 626 1792; x_wconf 85' lang='lat' dir='ltr'>tunc</span> <span class='ocrx_word' id='word_1_106' title='bbox 646 1753 707 1791; x_wconf 84' lang='lat' dir='ltr'>non</span> <span class='ocrx_word' id='word_1_107' title='bbox 727 1734 877 1792; x_wconf 80' lang='lat' dir='ltr'>advertat.</span> 
     </span>
     <span class='ocr_line' id='line_1_18' title="bbox 99 1825 877 1906; baseline 0 -20"><span class='ocrx_word' id='word_1_108' title='bbox 99 1828 184 1887; x_wconf 84' lang='lat' dir='ltr'>Hinc</span> <span class='ocrx_word' id='word_1_109' title='bbox 199 1828 347 1905; x_wconf 84' lang='lat' dir='ltr'>impetus,</span> <span class='ocrx_word' id='word_1_110' title='bbox 372 1840 399 1886; x_wconf 83' lang='lat' dir='ltr'>et</span> <span class='ocrx_word' id='word_1_111' title='bbox 411 1825 540 1906; x_wconf 78' lang='lat' dir='ltr'>affectus</span> <span class='ocrx_word' id='word_1_112' title='bbox 555 1826 740 1904; x_wconf 79' lang='lat' dir='ltr'>quandoque</span> <span class='ocrx_word' id='word_1_113' title='bbox 758 1847 790 1884; x_wconf 87' lang='lat' dir='ltr'>se</span> <span class='ocrx_word' id='word_1_114' title='bbox 805 1838 877 1886; x_wconf 79' lang='lat' dir='ltr'>tnr-</span> 
     </span>
     <span class='ocr_line' id='line_1_19' title="bbox 97 1921 951 2000; baseline -0.001 -19"><span class='ocrx_word' id='word_1_115' title='bbox 97 1925 177 2000; x_wconf 82' lang='lat' dir='ltr'>piter</span> <span class='ocrx_word' id='word_1_116' title='bbox 194 1921 372 1981; x_wconf 74' lang='lat' dir='ltr'>detrudendi</span> <span class='ocrx_word' id='word_1_117' title='bbox 395 1923 586 1996; x_wconf 79' lang='lat' dir='ltr'>proveniunt.</span> <span class='ocrx_word' id='word_1_118' title='bbox 612 1922 696 1981; x_wconf 86' lang='lat' dir='ltr'>Hinc</span> <span class='ocrx_word' id='word_1_119' title='bbox 715 1921 876 1998; x_wconf 73' lang='lat' dir='ltr'>scientiore,</span> <span class='ocrx_word' id='word_1_120' title='bbox 949 1986 951 1991; x_wconf 22' lang='lat'><strong><em>¹</em></strong></span> 
     </span>
     <span class='ocr_line' id='line_1_20' title="bbox 98 2013 557 2092; baseline -0.009 -18"><span class='ocrx_word' id='word_1_121' title='bbox 98 2033 171 2092; x_wconf 82' lang='lat' dir='ltr'>quoe</span> <span class='ocrx_word' id='word_1_122' title='bbox 185 2033 235 2073; x_wconf 90' lang='lat' dir='ltr'>me</span> <span class='ocrx_word' id='word_1_123' title='bbox 248 2015 439 2073; x_wconf 79' lang='lat' dir='ltr'>conscribere</span> <span class='ocrx_word' id='word_1_124' title='bbox 453 2013 557 2092; x_wconf 78' lang='lat' dir='ltr'>pudet.</span> 
     </span>
    </p>

    <p class='ocr_par' dir='ltr' id='par_1_4' title="bbox 98 2105 885 3216">
     <span class='ocr_line' id='line_1_21' title="bbox 142 2105 877 2187; baseline 0.003 -22"><span class='ocrx_word' id='word_1_125' title='bbox 142 2127 210 2167; x_wconf 69' lang='grc' dir='ltr'>ιη.</span> <span class='ocrx_word' id='word_1_126' title='bbox 232 2106 264 2164; x_wconf 89' lang='lat' dir='ltr'>Si</span> <span class='ocrx_word' id='word_1_127' title='bbox 290 2105 354 2187; x_wconf 86' lang='lat' dir='ltr'>quis</span> <span class='ocrx_word' id='word_1_128' title='bbox 374 2128 504 2187; x_wconf 88' lang='lat' dir='ltr'>unquam</span> <span class='ocrx_word' id='word_1_129' title='bbox 524 2106 641 2168; x_wconf 81' lang='lat' dir='ltr'>advenit</span> <span class='ocrx_word' id='word_1_130' title='bbox 663 2106 815 2166; x_wconf 76' lang='lat' dir='ltr'>infestatus</span> <span class='ocrx_word' id='word_1_131' title='bbox 838 2109 877 2167; x_wconf 87' lang='lat' dir='ltr'>ab</span> 
     </span>
     <span class='ocr_line' id='line_1_22' title="bbox 98 2198 876 2280; baseline 0.004 -21"><span class='ocrx_word' id='word_1_132' title='bbox 98 2198 180 2261; x_wconf 85' lang='lat' dir='ltr'>hoste</span> <span class='ocrx_word' id='word_1_133' title='bbox 192 2198 358 2276; x_wconf 82' lang='lat' dir='ltr'>hujusmodi</span> <span class='ocrx_word' id='word_1_134' title='bbox 369 2222 470 2280; x_wconf 81' lang='lat' dir='ltr'>genere</span> <span class='ocrx_word' id='word_1_135' title='bbox 484 2204 649 2264; x_wconf 77' lang='lat' dir='ltr'>tentationis</span> <span class='ocrx_word' id='word_1_136' title='bbox 668 2201 771 2271; x_wconf 73' lang='lat' dir='ltr'>&lt;dicta</span> <span class='ocrx_word' id='word_1_137' title='bbox 785 2202 876 2278; x_wconf 82' lang='lat' dir='ltr'>spiri·</span> 
     </span>
     <span class='ocr_line' id='line_1_23' title="bbox 98 2294 877 2375; baseline 0.004 -22"><span class='ocrx_word' id='word_1_138' title='bbox 98 2307 145 2354; x_wconf 84' lang='lat' dir='ltr'>tus</span> <span class='ocrx_word' id='word_1_139' title='bbox 151 2294 389 2370; x_wconf 79' lang='lat' dir='ltr'>fornicationis,</span> <span class='ocrx_word' id='word_1_140' title='bbox 414 2315 429 2353; x_wconf 89' lang='lat' dir='ltr'>a</span> <span class='ocrx_word' id='word_1_141' title='bbox 446 2315 502 2373; x_wconf 90' lang='lat' dir='ltr'>quo</span> <span class='ocrx_word' id='word_1_142' title='bbox 518 2297 550 2355; x_wconf 88' lang='lat' dir='ltr'>S.</span> <span class='ocrx_word' id='word_1_143' title='bbox 566 2297 687 2358; x_wconf 84' lang='lat' dir='ltr'>Ecclesia</span> <span class='ocrx_word' id='word_1_144' title='bbox 702 2298 784 2355; x_wconf 86' lang='lat' dir='ltr'>nobis</span> <span class='ocrx_word' id='word_1_145' title='bbox 800 2317 877 2375; x_wconf 85' lang='lat' dir='ltr'>prae-</span> 
     </span>
     <span class='ocr_line' id='line_1_24' title="bbox 98 2388 875 2467; baseline 0 -20"><span class='ocrx_word' id='word_1_146' title='bbox 98 2390 182 2467; x_wconf 85' lang='lat' dir='ltr'>cipue</span> <span class='ocrx_word' id='word_1_147' title='bbox 199 2388 325 2463; x_wconf 78' lang='lat' dir='ltr'>injungit</span> <span class='ocrx_word' id='word_1_148' title='bbox 343 2396 435 2467; x_wconf 86' lang='lat' dir='ltr'>petere</span> <span class='ocrx_word' id='word_1_149' title='bbox 458 2407 473 2446; x_wconf 93' lang='lat' dir='ltr'>a</span> <span class='ocrx_word' id='word_1_150' title='bbox 499 2388 625 2447; x_wconf 89' lang='lat' dir='ltr'>Domino</span> <span class='ocrx_word' id='word_1_151' title='bbox 648 2399 680 2448; x_wconf 92' lang='lat' dir='ltr'>ut</span> <span class='ocrx_word' id='word_1_152' title='bbox 702 2391 739 2448; x_wconf 90' lang='lat' dir='ltr'>ab</span> <span class='ocrx_word' id='word_1_153' title='bbox 764 2410 797 2448; x_wconf 90' lang='lat' dir='ltr'>eo</span> <span class='ocrx_word' id='word_1_154' title='bbox 822 2408 875 2447; x_wconf 89' lang='lat' dir='ltr'>nos</span> 
     </span>
     <span class='ocr_line' id='line_1_25' title="bbox 99 2478 876 2559; baseline 0.003 -19"><span class='ocrx_word' id='word_1_155' title='bbox 99 2478 242 2554; x_wconf 90' lang='lat' dir='ltr'>liberet),</span> <span class='ocrx_word' id='word_1_156' title='bbox 271 2480 355 2541; x_wconf 87' lang='lat' dir='ltr'>debet</span> <span class='ocrx_word' id='word_1_157' title='bbox 378 2479 576 2541; x_wconf 76' lang='lat' dir='ltr'>confessarius</span> <span class='ocrx_word' id='word_1_158' title='bbox 598 2481 722 2541; x_wconf 90' lang='lat' dir='ltr'>multum</span> <span class='ocrx_word' id='word_1_159' title='bbox 750 2491 876 2559; x_wconf 83' lang='lat' dir='ltr'>satagere</span> 
     </span>
     <span class='ocr_line' id='line_1_26' title="bbox 99 2573 876 2653; baseline 0.004 -19"><span class='ocrx_word' id='word_1_160' title='bbox 99 2573 133 2634; x_wconf 78' lang='lat' dir='ltr'>nt</span> <span class='ocrx_word' id='word_1_161' title='bbox 148 2574 400 2653; x_wconf 82' lang='lat' dir='ltr'>praemuniendum</span> <span class='ocrx_word' id='word_1_162' title='bbox 414 2576 599 2636; x_wconf 72' lang='lat' dir='ltr'>penitentem</span> <span class='ocrx_word' id='word_1_163' title='bbox 614 2578 643 2634; x_wconf 87' lang='lat' dir='ltr'>in</span> <span class='ocrx_word' id='word_1_164' title='bbox 659 2585 717 2635; x_wconf 91' lang='lat' dir='ltr'>tam</span> <span class='ocrx_word' id='word_1_165' title='bbox 733 2574 876 2637; x_wconf 82' lang='lat' dir='ltr'>horrendo</span> 
     </span>
     <span class='ocr_line' id='line_1_27' title="bbox 100 2665 874 2747; baseline 0.001 -18"><span class='ocrx_word' id='word_1_166' title='bbox 100 2665 234 2729; x_wconf 83' lang='lat' dir='ltr'>conflictu</span> <span class='ocrx_word' id='word_1_167' title='bbox 247 2687 253 2736; x_wconf 91' lang='lat'>;</span> <span class='ocrx_word' id='word_1_168' title='bbox 269 2684 358 2743; x_wconf 85' lang='lat' dir='ltr'>nam,</span> <span class='ocrx_word' id='word_1_169' title='bbox 374 2672 414 2728; x_wconf 92' lang='lat' dir='ltr'>ait</span> <span class='ocrx_word' id='word_1_170' title='bbox 428 2668 526 2730; x_wconf 85' lang='lat' dir='ltr'>doctus</span> <span class='ocrx_word' id='word_1_171' title='bbox 541 2667 692 2732; x_wconf 73' lang='lat' dir='ltr'>cardinalis</span> <span class='ocrx_word' id='word_1_172' title='bbox 706 2670 874 2747; x_wconf 76' lang='lat' dir='ltr'>Petronius,</span> 
     </span>
     <span class='ocr_line' id='line_1_28' title="bbox 99 2760 885 2844; baseline 0.009 -24"><span class='ocrx_word' id='word_1_173' title='bbox 99 2760 151 2821; x_wconf 89' lang='lat' dir='ltr'>bas</span> <span class='ocrx_word' id='word_1_174' title='bbox 163 2763 275 2821; x_wconf 85' lang='lat' dir='ltr'>animas</span> <span class='ocrx_word' id='word_1_175' title='bbox 289 2764 318 2821; x_wconf 91' lang='lat' dir='ltr'>in</span> <span class='ocrx_word' id='word_1_176' title='bbox 332 2783 435 2841; x_wconf 87' lang='lat' dir='ltr'>magno</span> <span class='ocrx_word' id='word_1_177' title='bbox 447 2765 570 2844; x_wconf 88' lang='lat' dir='ltr'>periculo</span> <span class='ocrx_word' id='word_1_178' title='bbox 580 2768 702 2838; x_wconf 88' lang='lat' dir='ltr'>versari,</span> <span class='ocrx_word' id='word_1_179' title='bbox 716 2772 739 2823; x_wconf 89' lang='lat' dir='ltr'>si</span> <span class='ocrx_word' id='word_1_180' title='bbox 749 2764 885 2827; x_wconf 68' lang='lat' dir='ltr'>remedia,</span> 
     </span>
     <span class='ocr_line' id='line_1_29' title="bbox 98 2853 873 2936; baseline -0.003 -21"><span class='ocrx_word' id='word_1_181' title='bbox 98 2874 157 2915; x_wconf 92' lang='lat' dir='ltr'>non</span> <span class='ocrx_word' id='word_1_182' title='bbox 172 2853 329 2916; x_wconf 86' lang='lat' dir='ltr'>adhibeant</span> <span class='ocrx_word' id='word_1_183' title='bbox 343 2856 465 2918; x_wconf 88' lang='lat' dir='ltr'>multum</span> <span class='ocrx_word' id='word_1_184' title='bbox 483 2856 621 2932; x_wconf 83' lang='lat' dir='ltr'>efficacia,</span> <span class='ocrx_word' id='word_1_185' title='bbox 632 2857 837 2936; x_wconf 85' lang='lat' dir='ltr'>etaliquando,</span> <span class='ocrx_word' id='word_1_186' title='bbox 849 2857 873 2913; x_wconf 87' lang='lat' dir='ltr'>si</span> 
     </span>
     <span class='ocr_line' id='line_1_30' title="bbox 100 2947 875 3026; baseline -0.001 -22"><span class='ocrx_word' id='word_1_187' title='bbox 100 2950 310 3026; x_wconf 66' lang='lat' dir='ltr'>omrrtet,etiam</span> <span class='ocrx_word' id='word_1_188' title='bbox 324 2948 542 3016; x_wconf 83' lang='lat' dir='ltr'>extraordinaria</span> <span class='ocrx_word' id='word_1_189' title='bbox 558 2971 565 3019; x_wconf 83' lang='lat'><em>3</em></span> <span class='ocrx_word' id='word_1_190' title='bbox 580 2970 645 3009; x_wconf 86' lang='lat' dir='ltr'>eum</span> <span class='ocrx_word' id='word_1_191' title='bbox 655 2952 730 3006; x_wconf 89' lang='lat' dir='ltr'>enim</span> <span class='ocrx_word' id='word_1_192' title='bbox 743 2947 778 3005; x_wconf 85' lang='lat' dir='ltr'>ad</span> <span class='ocrx_word' id='word_1_193' title='bbox 791 2950 875 3011; x_wconf 85' lang='lat' dir='ltr'>resis-</span> 
     </span>
     <span class='ocr_line' id='line_1_31' title="bbox 100 3038 873 3120; baseline 0.004 -23"><span class='ocrx_word' id='word_1_194' title='bbox 100 3038 218 3099; x_wconf 86' lang='lat' dir='ltr'>tendum</span> <span class='ocrx_word' id='word_1_195' title='bbox 251 3043 409 3119; x_wconf 86' lang='lat' dir='ltr'>requiratur</span> <span class='ocrx_word' id='word_1_196' title='bbox 432 3043 532 3115; x_wconf 77' lang='lat' dir='ltr'>ingens</span> <span class='ocrx_word' id='word_1_197' title='bbox 554 3040 712 3100; x_wconf 84' lang='lat' dir='ltr'>subsidium</span> <span class='ocrx_word' id='word_1_198' title='bbox 734 3059 768 3099; x_wconf 86' lang='lat' dir='ltr'>ex</span> <span class='ocrx_word' id='word_1_199' title='bbox 794 3051 873 3120; x_wconf 85' lang='lat' dir='ltr'>parte</span> 
     </span>
     <span class='ocr_line' id='line_1_32' title="bbox 101 3130 876 3216; baseline 0.006 -27"><span class='ocrx_word' id='word_1_200' title='bbox 101 3130 176 3206; x_wconf 89' lang='lat' dir='ltr'>Dei,</span> <span class='ocrx_word' id='word_1_201' title='bbox 191 3140 218 3190; x_wconf 91' lang='lat' dir='ltr'>et</span> <span class='ocrx_word' id='word_1_202' title='bbox 231 3152 331 3212; x_wconf 84' lang='lat' dir='ltr'>magna</span> <span class='ocrx_word' id='word_1_203' title='bbox 348 3131 480 3197; x_wconf 87' lang='lat' dir='ltr'>violentia</span> <span class='ocrx_word' id='word_1_204' title='bbox 494 3150 528 3192; x_wconf 84' lang='lat' dir='ltr'>ex</span> <span class='ocrx_word' id='word_1_205' title='bbox 545 3152 623 3215; x_wconf 86' lang='lat' dir='ltr'>parte</span> <span class='ocrx_word' id='word_1_206' title='bbox 634 3135 768 3216; x_wconf 77' lang='lat' dir='ltr'>patientis</span> <span class='ocrx_word' id='word_1_207' title='bbox 779 3131 876 3212; x_wconf 64' lang='lat' dir='ltr'>,tutu-</span> 
     </span>
    </p>
   </div>
   <div class='ocr_carea' id='block_1_4' title="bbox 693 3230 769 3293">
    <p class='ocr_par' dir='ltr' id='par_1_5' title="bbox 693 3230 769 3293">
     <span class='ocr_line' id='line_1_33' title="bbox 693 3230 769 3293; baseline 0.013 -1"><span class='ocrx_word' id='word_1_208' title='bbox 693 3230 769 3293; x_wconf 60' lang='grc' dir='ltr'>ΩΒ</span> 
     </span>
    </p>
   </div>
   <div class='ocr_carea' id='block_1_5' title="bbox 0 0 982 3608">
    <p class='ocr_par' dir='ltr' id='par_1_6' title="bbox 0 0 982 3608">
     <span class='ocr_line' id='line_1_34' title="bbox 0 0 982 3608; baseline 0 0"><span class='ocrx_word' id='word_1_209' title='bbox 0 0 982 3608; x_wconf 95' lang='lat' dir='ltr'> </span> 
     </span>
    </p>
   </div>
  </div>
 </body>
</html>
