1956 3608
204 185 388 233 tenemento
399 188 432 230 Hi
443 183 596 233 tnstcnno
610 188 735 233 MORTIS.
798 190 856 254 297

124 281 234 358 Tunc,
248 297 414 362 postquam
424 283 552 344 clericus
561 281 696 355 dixerit,
712 279 859 340 Confiteor

85 378 171 452 Deo‚
195 386 248 437 etc.
275 377 427 439 Sacerdos
450 377 563 437 dicut:
588 375 779 452 Misereatur‚
805 385 859 435 etc.

85 472 294 550 indulgentiam
310 481 396 546 ‚eto
413 472 453 530 Et
467 472 601 548 deinde,
712 460 733 479 '¹

118 569 265 628 Dominus
280 576 377 626 noster
387 564 470 626 Jesus
481 563 612 624 Christus
628 566 703 626 iilius
714 564 769 628 Dei
781 567 858 642 vivi,

84 666 130 744 qui
154 663 188 722 B.
213 661 297 721 Petro
318 646 447 741 apostolo
465 679 517 719 sno
537 658 616 719 dedit
639 670 806 739 potestatem
821 661 859 721 li·

84 754 168 834 gandi
184 763 271 835 atque
289 751 439 830 solvendi,
459 772 509 833 per
525 772 607 813 suam
622 755 780 834 piissimam
801 757 860 814 mi·

84 849 262 912 sericordiam
274 851 388 930 recipiat
399 848 607 910 consessionem
621 858 698 911 tuam
712 892 722 924 ‚
739 859 767 909 et
780 851 861 911 resti·

83 956 144 1008 tuat
161 947 211 1004 tibi
234 943 336 1005 stolam
366 947 489 1025 primam
517 963 606 1024 quam
629 947 659 1005 in
683 945 860 1026 Baptismate
944 944 947 949 ’

83 1041 231 1120 recepisti,
245 1048 273 1098 et
286 1058 337 1117 ego
345 1037 481 1100 facultate
492 1037 564 1098 mihi
579 1039 616 1099 ab
630 1039 781 1119 apostolica
794 1037 861 1100 sede

83 1135 208 1208 tributa,
223 1131 430 1212 indulgentiam
448 1132 604 1212 plenariam
619 1144 647 1193 et
666 1137 859 1194 remissionem

83 1231 214 1291 omnium
236 1238 415 1308 peccatorum
442 1229 493 1286 tibi
518 1225 651 1288 concedo.
682 1228 726 1289 lu*
744 1230 861 1289 nomine

82 1321 199 1399 Patris,
220 1331 274 1382 etc.

123 1416 179 1476 Per
191 1425 365 1477 sacrosancta
382 1415 518 1479 humanae
531 1419 715 1498 reparationis
727 1417 861 1497 mysteria

83 1512 210 1570 remittat
231 1512 282 1568 tibi
304 1514 484 1587 omnipotens
508 1512 588 1579 Deus
601 1533 701 1572 ornnes
716 1511 863 1592 praesentis
951 1532 961 1559 :-

84 1612 113 1663 et
128 1602 232 1663 future
251 1606 317 1665 vite
334 1620 453 1683 poenas,
477 1602 600 1682 paradisi
619 1613 713 1682 portas
732 1607 839 1683 aperiat
849 1647 865 1683 ,A
887 1598 891 1603 ’

85 1706 114 1756 ct
127 1695 164 1757 ad
177 1695 280 1775 gaudia
297 1699 468 1777 sempiterna
485 1694 632 1775 perducat.
653 1696 759 1756 Amen.

126 1786 281 1849 Benedicat
302 1798 330 1849 te
349 1791 531 1871 omnipotens
546 1787 649 1864 Deus,
675 1784 812 1866 †Pater,
832 1797 862 1849 et

86 1884 196 1959 Filius,
217 1894 245 1944 et
259 1882 382 1964 Spiritus
399 1884 533 1946 Sanctus.
554 1885 659 1945 Amen.

87 2036 133 2094 At
150 2034 176 2091 si
190 2031 332 2110 infirmus
346 2047 422 2094 essct
436 2046 500 2094 tom
516 2034 609 2097 morti
620 2030 806 2112 proximus,
828 2045 864 2093 ut

128 2141 246 2207 tempus
269 2148 332 2190 non
352 2142 522 2208 suppeteret
544 2127 731 2207 supradictis
756 2124 861 2203 preci-

128 2221 209 2293 bus,
233 2222 385 2282 Socer-dos
408 2222 721 2311 stutim'irnportiutur
738 2221 767 2282 ci
777 2239 862 2300 proe·

120 2316 227 2392 sutum
240 2312 477 2373 benedictionem
491 2338 502 2374 e

128 2442 274 2502 Dominus
287 2450 382 2500 noster
395 2438 479 2502 Jesus
492 2441 641 2518 Christus,
658 2451 711 2503 etc.
809 2436 811 2441 ’
864 2505 868 2514 ,

89 2599 160 2662 ²9⁰·
194 2578 369 2642 Benedictio
400 2570 571 2659 scupuiuris
605 2582 639 2645 S.
675 2577 788 2641 Murice
824 2539 863 2643 de

130 2677 234 2736 Monte
261 2674 416 2735 Carmelo.
450 2674 600 2738 Sacerdos
631 2694 793 2738 conversus
819 2676 864 2736 od

131 2770 272 2830 hobitum
287 2767 371 2828 dicut
387 2790 395 2827 :

131 2914 162 2967 tc.
184 2903 312 2966 Ostende
330 2906 439 2980 uobis,
469 2903 616 2979 Domine,
640 2901 863 2965 misericordiam

93 3010 174 3063 tuam
195 3020 204 3072 ;
241 3009 245 3015 '

131 3111 165 3169 ιγ.
188 3096 225 3156 Et
241 3093 364 3158 salutare
381 3104 463 3156 tuum
477 3091 513 3154 da
528 3094 622 3155 nobis.
