1956 3608
115 221 156 278 7²
284 234 294 241 -
335 213 439 257 runnu
458 212 662 256 consessurus.

114 369 615 401 ummswmmummmmu
619 338 912 399 ΝΜΜΜΊἏΜ

239 521 514 588 CAPITULUM
539 518 765 591 TERTIUM.

117 711 158 751 uu
183 709 501 752 rnrannooarronmus
522 709 704 751 numunnurs
725 708 793 750 cun
819 694 928 749 rw·

158 804 244 847 sonus
269 806 392 847 urransr
418 804 558 862 saurus,
585 802 646 843 aun
667 800 866 845 couurrronrs
911 800 931 834 ⁴

157 900 229 956 oum
241 900 320 943 suun
334 899 542 941 consolaturus
557 898 663 939 aarum
675 886 903 938 attentendum
913 892 935 919 ⁶

118 1098 170 1169 48.
193 1056 285 1156 llrc
315 1097 474 1158 advertitur
501 1098 578 1178 quod
606 1100 678 1159 circa
708 1095 942 1176 obligatione!

118 1194 224 1272 proprii
242 1200 354 1267 status,
380 1201 431 1251 aut
450 1189 554 1266 officii,
576 1212 634 1252 non
658 1210 771 1271 semper
788 1180 945 1251 sufficit

120 1284 304 1345 confessario
318 1285 507 1346 Poenitentem
523 1289 693 1363 interrogare
707 1293 843 1357 tantum,
858 1290 948 1343 an·-

118 1394 201 1436 suam
216 1377 414 1453 obligationem
437 1376 628 1458 impleverit?
652 1378 729 1437 Cum
750 1376 951 1436 Pleniten9

119 1469 234 1530 videtur
247 1491 307 1529 esse
319 1474 501 1533 conscientiae
517 1492 619 1552 parum
634 1469 808 1531 meticulosae
820 1512 831 1545 ‚
845 1470 949 1529 aa&

120 1562 316 1624 confessarius
335 1563 453 1624 aliunde
473 1564 560 1626 babet
583 1563 780 1625 rationabilem
802 1563 942 1642 suspi‘

118 1660 229 1718 cionem
249 1657 327 1740 quod
344 1658 391 1719 ille
411 1663 471 1719 suis
487 1660 706 1737 obligationibus
718 1657 791 1718 desit
804 1700 813 1733 ,
828 1666 934 1717 tuno

119 1762 227 1830 oportet
238 1763 270 1812 ut
282 1756 376 1832 ipsum
393 1756 542 1829 interroget
557 1757 587 1810 in
600 1751 781 1831 particulari,
796 1750 901 1811 saltem

118 1847 193 1906 ¹circa
208 1843 271 1921 ejus
282 1846 465 1922 obligationes
481 1845 700 1926 principaliores.

160 1942 211 2016 49.
233 1939 269 1998 Et
286 1942 402 2018 primo,
425 1943 447 1997 si
464 1948 507 1999 est
521 1938 659 2000 Sacerdos
678 1940 728 2017 qui
748 1934 787 2013 ad
803 1936 896 1997 conli-

120 2030 238 2091 tendum
255 2034 382 2110 accedit,
407 2037 612 2111 interrogetur,
634 2055 657 2090 r.
678 2052 716 2091 an
731 2028 895 2092 satisfecerit

120 2124 196 2186 horis
210 2131 372 2201 canonicis,
396 2136 424 2186 et
441 2128 575 2187 oneribus
593 2128 769 2198 Missurum,
791 2124 840 2183 vel
856 2142 893 2183 an

119 2216 173 2277 has
200 2239 248 2297 per
272 2220 396 2278 multum
424 2230 537 2299 tempus
565 2219 705 2279 distulerit
727 2214 893 2278 celebrare?

120 2333 150 2370 2.
161 2313 207 2369 dn
218 2316 440 2390 negotiationem
452 2315 630 2376 exercuerit?
646 2316 675 2374 3.
685 2313 730 2371 dn
742 2315 830 2371 nimis
839 2311 893 2370 fes·

120 2406 245 2466 tinanter
266 2408 387 2468 Missam
410 2408 568 2469 absolvat?
584 2408 660 2469 Nam
676 2409 700 2466 si
720 2405 793 2465 inira
816 2426 894 2486 qua-

121 2496 251 2561 drantem
265 2502 341 2563 horae
359 2502 437 2562 illam
454 2506 603 2577 terminat,
617 2504 677 2580 ipse
690 2521 706 2560 a
717 2498 801 2579 culpa
813 2494 893 2587 gravi

121 2594 221 2669 nequit
231 2598 376 2668 excusari,
395 2598 505 2656 etiamsi
521 2598 610 2655 Missa
623 2597 659 2655 sit
671 2595 708 2656 de
720 2592 888 2671 Requiem,

120 2692 155 2741 ut
173 2702 231 2743 non
248 2688 309 2746 sine
323 2708 426 2765 magno
443 2688 632 2750 fundamento
648 2688 743 2770 plures
759 2688 829 2747 DD.
844 2686 896 2749 do·

115 2787 186 2839 cent
208 2782 254 2851 (ι)
274 2801 282 2851 ;
303 2781 376 2841 inira
399 2785 476 2844 enim
500 2793 559 2844 tarn
579 2786 666 2844 breve
686 2785 811 2864 spatium
832 2800 893 2843 non

121 2883 165 2933 est
177 2872 310 2952 possibile
323 2876 444 2936 Missam
458 2877 605 2938 absolvere
622 2880 684 2937 sine
699 2896 802 2957 magna
824 2895 895 2938 ver-

74 3028 78 3035 ⁸
122 2964 224 3028 borum
238 2977 266 3029 et
278 2973 512 3032 ceremoniarum
525 2970 693 3051 negligentia
705 2995 714 3050 ς
728 2970 830 3034 saltem
840 2990 895 3035 ne-

157 3124 195 3188 (ι)
213 3122 344 3192 Tamti,
362 3127 406 3184 lib.
419 3134 434 3182 6
443 3166 452 3195 ,
465 3147 540 3187 num.
552 3140 611 3198 ⁴⁰⁰·
688 3154 690 3158 ⁴
