1956 3614
202 255 725 322 cac.v1.cnuroan1nsnmncs,etc.
793 250 847 310 125

119 348 200 411 Circa
218 351 452 430 irregularitates:
470 351 513 412 Ν.
528 351 573 413 Ν.
596 355 749 417 Sacerdos
772 375 850 417 con-

74 444 176 503 traxit
197 443 453 524 irregularitatem
477 467 574 508 causa
594 447 750 509 homicidii
770 447 852 522 (aut

72 536 244 600 violationis
269 559 431 615 censura,
454 550 510 603 etc,
524 547 561 613 )t
575 552 685 604 etcum
699 543 784 604 adsit
794 564 850 621 pe-

71 629 208 689 riculum
228 631 389 707 infamiae,
409 632 436 692 si
450 632 580 695 abstinet
598 655 618 695 a
640 634 847 711 celebrando,

73 720 145 782 ieleo
158 724 333 803 supplicat,
352 738 408 787 etc.

112 877 194 938 Foris
212 881 241 937 in
260 879 377 958 epistola
396 885 535 960 ponitur:
553 884 800 946 Eminentissimo
820 899 848 946 et

67 970 334 1034 Reverendissimo
357 974 492 1035 Domino
515 976 750 1038 Colendissimo.

108 1129 246 1188 Domino
262 1128 422 1190 Cordinali
435 1133 663 1190 Paenitentiam
675 1138 804 1198 Masada
890 1158 895 1162 -

632 1280 776 1345 Romam.

104 1458 155 1520 88.
168 1455 436 1543 Confessariumut
445 1462 522 1520 iseui
532 1459 844 1539 dispensationis'exse·

61 1553 141 1611 ontio
152 1551 302 1609 commissa
318 1556 390 1623 erit,
411 1553 442 1609 in
460 1549 653 1629 dispensando
668 1560 732 1629 post
746 1569 842 1610 sacra-

61 1638 217 1700 mentalem
243 1639 451 1700 absoiutionem
483 1644 680 1720 impertitam,
713 1642 842 1719 sequenti

60 1732 237 1793 somnolenti
249 1735 370 1813 poterit:
382 1736 421 1793 Et
430 1732 744 1811 insuperauctoritate
752 1752 842 1812 apos·

60 1826 153 1886 tolica
178 1828 254 1885 mihi
279 1847 426 1887 concessa
450 1827 595 1903 dispenso
622 1841 724 1887 tecum
748 1845 842 1901 super

58 1919 279 1993 impedimento
298 1919 393 1995 primi
416 1922 490 1987 (seu
505 1919 653 1992 secundi,
676 1941 729 1979 seu
743 1920 841 1997 primi

59 2023 88 2069 et
104 2011 253 2084 secundi)
268 2012 386 2089 gradus
398 2011 590 2089 proveniente
603 2033 644 2071 ex
657 2011 771 2087 copula
782 2012 841 2071 illi·

59 2104 142 2176 cita,
168 2125 188 2163 a
206 2116 232 2162 te
257 2100 362 2164 habita
387 2126 458 2164 cum
482 2125 586 2164 sorore
610 2104 744 2164 mulieris
765 2125 838 2164 cum

58 2216 122 2274 qua
140 2198 328 2257 contraxisti
354 2202 428 2267 (aut
452 2199 636 2259 contrahere
660 2197 837 2274 intendis),

59 2305 95 2351 ut
109 2291 346 2352 Matrimonium
368 2313 437 2350 curn
456 2294 509 2352 illo
527 2314 634 2352 rursus
653 2294 835 2354 contrahere

57 2384 175 2458 possis,
189 2397 332 2445 renovato
341 2404 489 2444 consensu
502 2425 512 2457 ,
523 2399 551 2444 et
561 2386 696 2458 prolem,
706 2387 836 2462 siquam

57 2479 203 2558 suscipies
219 2477 287 2546 (vel
300 2478 497 2554 suscepisti),
516 2478 683 2556 legitimam
696 2479 835 2540 declaro.

59 2571 94 2632 ln
110 2572 235 2632 nomine
256 2571 378 2647 Patris,
403 2585 461 2632 etc.
487 2570 519 2630 Si
542 2568 716 2652 dispensatio
736 2581 833 2634 autem

58 2668 143 2726 estin
156 2675 223 2727 voto
238 2668 392 2739 eastitatis,
408 2664 501 2728 dicet:
519 2668 650 2744 Insuper
663 2668 718 2728 tili
729 2683 832 2728 votum

58 2761 205 2821 castitatis
219 2759 305 2836 quod
320 2759 468 2836 emisisti,
490 2774 525 2820 ut
543 2762 646 2821 valeas
667 2763 831 2821 Matrimo-

58 2858 143 2916 nium
165 2856 369 2927 contrahere,
391 2868 421 2915 et
440 2856 493 2915 illo
517 2857 578 2929 uti,
593 2854 627 2916 in
648 2875 742 2932 opera
760 2875 833 2933 quse

58 2950 107 3008 tihi
118 2948 297 3025 proescripsi
309 2948 515 3026 dispensando
531 2960 700 3010 commuto.
720 2948 757 3006 ln
770 2968 830 3008 no·

59 3044 157 3119 mine,
176 3057 235 3102 etc.
258 3042 292 3100 Ei
312 3043 436 3122 siquis,
460 3042 663 3100 nonobstante
680 3049 748 3101 voto
768 3062 828 3103 cas·

60 3136 144 3197 titatis
158 3134 376 3198 Matrimonium
390 3136 599 3214 contraxisset,
619 3133 711 3194 dicet:
729 3137 828 3216 leem,

639 3228 705 3294 to
