<?xml version="1.0" encoding="UTF-8"?>
<!DOCTYPE html PUBLIC "-//W3C//DTD XHTML 1.0 Transitional//EN"
    "http://www.w3.org/TR/xhtml1/DTD/xhtml1-transitional.dtd">
<html xmlns="http://www.w3.org/1999/xhtml" xml:lang="en" lang="en">
 <head>
  <title>
</title>
<meta http-equiv="Content-Type" content="text/html;charset=utf-8" />
  <meta name='ocr-system' content='tesseract 3.04.00' />
  <meta name='ocr-capabilities' content='ocr_page ocr_carea ocr_par ocr_line ocrx_word'/>
</head>
<body>
  <div class='ocr_page' id='page_1' title='image "./praxiaconfessar00ligugoog/praxiaconfessar00ligugoog_0207.png"; bbox 0 0 1956 3608; ppageno 0'>
   <div class='ocr_carea' id='block_1_1' title="bbox 150 238 694 311">
    <p class='ocr_par' dir='ltr' id='par_1_1' title="bbox 150 238 694 311">
     <span class='ocr_line' id='line_1_1' title="bbox 150 238 694 311; baseline -0.002 -17"><span class='ocrx_word' id='word_1_1' title='bbox 150 238 204 311; x_wconf 68' lang='lat'><strong>198</strong></span> <span class='ocrx_word' id='word_1_2' title='bbox 363 247 466 292; x_wconf 74' lang='lat' dir='ltr'><strong>murs</strong></span> <span class='ocrx_word' id='word_1_3' title='bbox 487 246 694 293; x_wconf 74' lang='lat' dir='ltr'><strong>connssrrn.</strong></span> 
     </span>
    </p>
   </div>
   <div class='ocr_carea' id='block_1_2' title="bbox 103 338 969 3237">
    <p class='ocr_par' dir='ltr' id='par_1_2' title="bbox 103 338 969 3237">
     <span class='ocr_line' id='line_1_2' title="bbox 143 338 914 420; baseline 0.004 -19"><span class='ocrx_word' id='word_1_4' title='bbox 143 340 372 403; x_wconf 73' lang='lat' dir='ltr'><strong>mortificationes</strong></span> <span class='ocrx_word' id='word_1_5' title='bbox 386 339 544 420; x_wconf 82' lang='lat' dir='ltr'>corporales</span> <span class='ocrx_word' id='word_1_6' title='bbox 564 338 706 419; x_wconf 82' lang='lat' dir='ltr'><strong>adjuvant</strong></span> <span class='ocrx_word' id='word_1_7' title='bbox 726 342 914 418; x_wconf 82' lang='lat' dir='ltr'><strong>intemas,et</strong></span> 
     </span>
     <span class='ocr_line' id='line_1_3' title="bbox 140 431 915 516; baseline 0.001 -22"><span class='ocrx_word' id='word_1_8' title='bbox 140 443 210 495; x_wconf 80' lang='lat' dir='ltr'><strong>suut</strong></span> <span class='ocrx_word' id='word_1_9' title='bbox 222 431 435 516; x_wconf 85' lang='lat' dir='ltr'><strong>quodammodo</strong></span> <span class='ocrx_word' id='word_1_10' title='bbox 451 437 616 495; x_wconf 72' lang='lat' dir='ltr'><strong>necessariae</strong></span> <span class='ocrx_word' id='word_1_11' title='bbox 642 433 786 516; x_wconf 83' lang='lat' dir='ltr'><strong>(quando</strong></span> <span class='ocrx_word' id='word_1_12' title='bbox 801 445 915 516; x_wconf 85' lang='lat' dir='ltr'><strong>possunt</strong></span> 
     </span>
     <span class='ocr_line' id='line_1_4' title="bbox 140 526 917 610; baseline 0.003 -20"><span class='ocrx_word' id='word_1_13' title='bbox 140 532 262 591; x_wconf 77' lang='lat' dir='ltr'>exemeri</span> <span class='ocrx_word' id='word_1_14' title='bbox 276 527 313 589; x_wconf 86' lang='lat' dir='ltr'><strong>ad</strong></span> <span class='ocrx_word' id='word_1_15' title='bbox 325 526 481 590; x_wconf 82' lang='lat' dir='ltr'><strong>frenandos</strong></span> <span class='ocrx_word' id='word_1_16' title='bbox 494 550 611 606; x_wconf 86' lang='lat' dir='ltr'><strong>sensus,</strong></span> <span class='ocrx_word' id='word_1_17' title='bbox 627 541 655 591; x_wconf 89' lang='lat' dir='ltr'><strong>et</strong></span> <span class='ocrx_word' id='word_1_18' title='bbox 670 530 735 592; x_wconf 86' lang='lat' dir='ltr'><strong>ideo</strong></span> <span class='ocrx_word' id='word_1_19' title='bbox 748 531 872 610; x_wconf 82' lang='lat' dir='ltr'><strong>legimus</strong></span> <span class='ocrx_word' id='word_1_20' title='bbox 885 533 917 593; x_wconf 85' lang='lat' dir='ltr'><strong>ab</strong></span> 
     </span>
     <span class='ocr_line' id='line_1_5' title="bbox 141 623 917 711; baseline -0.001 -27"><span class='ocrx_word' id='word_1_21' title='bbox 141 623 917 711; x_wconf 70' lang='lat' dir='ltr'><strong>omnibusSanctisplusminusvefoioseireqaentatap.</strong></span> 
     </span>
     <span class='ocr_line' id='line_1_6' title="bbox 141 717 918 800; baseline 0.001 -23"><span class='ocrx_word' id='word_1_22' title='bbox 141 718 252 778; x_wconf 88' lang='lat' dir='ltr'><strong>Verum</strong></span> <span class='ocrx_word' id='word_1_23' title='bbox 280 717 396 798; x_wconf 90' lang='lat' dir='ltr'><strong>quidem</strong></span> <span class='ocrx_word' id='word_1_24' title='bbox 421 729 487 791; x_wconf 89' lang='lat' dir='ltr'><strong>est,</strong></span> <span class='ocrx_word' id='word_1_25' title='bbox 513 718 591 800; x_wconf 89' lang='lat' dir='ltr'><strong>quod</strong></span> <span class='ocrx_word' id='word_1_26' title='bbox 607 719 790 779; x_wconf 86' lang='lat' dir='ltr'><strong>mortificatio</strong></span> <span class='ocrx_word' id='word_1_27' title='bbox 808 721 918 780; x_wconf 81' lang='lat' dir='ltr'><strong>irrterior</strong></span> 
     </span>
     <span class='ocr_line' id='line_1_7' title="bbox 141 813 918 893; baseline 0.001 -20"><span class='ocrx_word' id='word_1_28' title='bbox 141 814 307 893; x_wconf 75' lang='lat' dir='ltr'><strong>passionum</strong></span> <span class='ocrx_word' id='word_1_29' title='bbox 333 823 376 873; x_wconf 89' lang='lat' dir='ltr'><strong>est</strong></span> <span class='ocrx_word' id='word_1_30' title='bbox 400 834 416 873; x_wconf 85' lang='lat' dir='ltr'><strong>a</strong></span> <span class='ocrx_word' id='word_1_31' title='bbox 441 813 650 877; x_wconf 79' lang='lat' dir='ltr'><strong>Poenitentibua</strong></span> <span class='ocrx_word' id='word_1_32' title='bbox 664 815 852 893; x_wconf 82' lang='lat' dir='ltr'><strong>potissimum</strong></span> <span class='ocrx_word' id='word_1_33' title='bbox 863 815 918 889; x_wconf 65' lang='lat' dir='ltr'><strong>eori-</strong></span> 
     </span>
     <span class='ocr_line' id='line_1_8' title="bbox 141 906 918 988; baseline 0 -22"><span class='ocrx_word' id='word_1_34' title='bbox 141 906 232 986; x_wconf 80' lang='lat' dir='ltr'><strong>genda</strong></span> <span class='ocrx_word' id='word_1_35' title='bbox 242 928 250 978; x_wconf 79' lang='lat'><em>3</em></span> <span class='ocrx_word' id='word_1_36' title='bbox 262 917 310 981; x_wconf 90' lang='lat' dir='ltr'><strong>ut,</strong></span> <span class='ocrx_word' id='word_1_37' title='bbox 329 909 361 967; x_wconf 83' lang='lat' dir='ltr'><strong>E.</strong></span> <span class='ocrx_word' id='word_1_38' title='bbox 373 909 408 968; x_wconf 87' lang='lat' dir='ltr'><strong>G.</strong></span> <span class='ocrx_word' id='word_1_39' title='bbox 418 950 428 982; x_wconf 96' lang='lat'><strong>,</strong></span> <span class='ocrx_word' id='word_1_40' title='bbox 437 918 511 969; x_wconf 70' lang='lat' dir='ltr'><strong>emet</strong></span> <span class='ocrx_word' id='word_1_41' title='bbox 521 953 530 985; x_wconf 95' lang='lat'><strong>,</strong></span> <span class='ocrx_word' id='word_1_42' title='bbox 542 928 601 969; x_wconf 87' lang='lat' dir='ltr'><strong>nou</strong></span> <span class='ocrx_word' id='word_1_43' title='bbox 614 906 790 988; x_wconf 80' lang='lat' dir='ltr'><strong>respondere</strong></span> <span class='ocrx_word' id='word_1_44' title='bbox 800 910 918 984; x_wconf 83' lang='lat' dir='ltr'><strong>injuriis,</strong></span> 
     </span>
     <span class='ocr_line' id='line_1_9' title="bbox 142 1001 969 1081; baseline 0.001 -21"><span class='ocrx_word' id='word_1_45' title='bbox 142 1020 200 1060; x_wconf 91' lang='lat' dir='ltr'><strong>non</strong></span> <span class='ocrx_word' id='word_1_46' title='bbox 215 1019 357 1078; x_wconf 77' lang='lat' dir='ltr'><strong>qrraerere,</strong></span> <span class='ocrx_word' id='word_1_47' title='bbox 376 1020 470 1080; x_wconf 85' lang='lat' dir='ltr'><strong>neque</strong></span> <span class='ocrx_word' id='word_1_48' title='bbox 491 1002 674 1062; x_wconf 82' lang='lat' dir='ltr'><strong>manifestare</strong></span> <span class='ocrx_word' id='word_1_49' title='bbox 693 1001 758 1061; x_wconf 88' lang='lat' dir='ltr'><strong>aliis</strong></span> <span class='ocrx_word' id='word_1_50' title='bbox 776 1021 843 1081; x_wconf 72' lang='lat' dir='ltr'><strong>qun.</strong></span> <span class='ocrx_word' id='word_1_51' title='bbox 857 1010 919 1062; x_wconf 86' lang='lat' dir='ltr'><strong>ten·</strong></span> <span class='ocrx_word' id='word_1_52' title='bbox 963 1046 969 1073; x_wconf 81' lang='lat'><strong>,</strong></span> 
     </span>
     <span class='ocr_line' id='line_1_10' title="bbox 142 1076 969 1174; baseline 0.002 -22"><span class='ocrx_word' id='word_1_53' title='bbox 142 1093 215 1152; x_wconf 89' lang='lat' dir='ltr'><strong>dunt</strong></span> <span class='ocrx_word' id='word_1_54' title='bbox 227 1093 263 1152; x_wconf 88' lang='lat' dir='ltr'><strong>ad</strong></span> <span class='ocrx_word' id='word_1_55' title='bbox 278 1097 418 1174; x_wconf 83' lang='lat' dir='ltr'>propriam</span> <span class='ocrx_word' id='word_1_56' title='bbox 434 1097 653 1155; x_wconf 63' lang='lat' dir='ltr'><strong>estimationem</strong></span> <span class='ocrx_word' id='word_1_57' title='bbox 669 1137 678 1170; x_wconf 88' lang='lat'><strong>,</strong></span> <span class='ocrx_word' id='word_1_58' title='bbox 692 1092 793 1154; x_wconf 85' lang='lat' dir='ltr'><strong>cedere</strong></span> <span class='ocrx_word' id='word_1_59' title='bbox 803 1097 834 1152; x_wconf 91' lang='lat' dir='ltr'><strong>in</strong></span> <span class='ocrx_word' id='word_1_60' title='bbox 852 1114 920 1154; x_wconf 85' lang='lat' dir='ltr'><strong>con-</strong></span> <span class='ocrx_word' id='word_1_61' title='bbox 965 1076 969 1093; x_wconf 58' lang='lat'><strong>⁴</strong></span> 
     </span>
     <span class='ocr_line' id='line_1_11' title="bbox 142 1185 919 1266; baseline -0.003 -16"><span class='ocrx_word' id='word_1_62' title='bbox 142 1189 616 1266; x_wconf 77' lang='lat' dir='ltr'><strong>tentionibus,attommvotuntati</strong></span> <span class='ocrx_word' id='word_1_63' title='bbox 624 1188 851 1251; x_wconf 87' lang='lat' dir='ltr'><strong>condescendere</strong></span> <span class='ocrx_word' id='word_1_64' title='bbox 859 1185 919 1258; x_wconf 83' lang='lat' dir='ltr'><strong>(sed</strong></span> 
     </span>
     <span class='ocr_line' id='line_1_12' title="bbox 143 1278 921 1366; baseline -0.001 -23"><span class='ocrx_word' id='word_1_65' title='bbox 143 1287 205 1343; x_wconf 89' lang='lat' dir='ltr'><strong>sine</strong></span> <span class='ocrx_word' id='word_1_66' title='bbox 220 1285 328 1346; x_wconf 85' lang='lat' dir='ltr'><strong>damno</strong></span> <span class='ocrx_word' id='word_1_67' title='bbox 344 1285 486 1364; x_wconf 88' lang='lat' dir='ltr'><strong>spirituaii</strong></span> <span class='ocrx_word' id='word_1_68' title='bbox 497 1295 528 1359; x_wconf 87' lang='grc'><strong>);</strong></span> <span class='ocrx_word' id='word_1_69' title='bbox 548 1283 626 1345; x_wconf 86' lang='lat' dir='ltr'><strong>unde</strong></span> <span class='ocrx_word' id='word_1_70' title='bbox 639 1283 754 1366; x_wconf 85' lang='lat' dir='ltr'><strong>expedit</strong></span> <span class='ocrx_word' id='word_1_71' title='bbox 768 1278 921 1364; x_wconf 74' lang='lat' dir='ltr'><strong>dliquando</strong></span> 
     </span>
     <span class='ocr_line' id='line_1_13' title="bbox 143 1376 920 1459; baseline -0.001 -21"><span class='ocrx_word' id='word_1_72' title='bbox 143 1379 227 1438; x_wconf 83' lang='lat' dir='ltr'><strong>alicui</strong></span> <span class='ocrx_word' id='word_1_73' title='bbox 252 1383 357 1439; x_wconf 67' lang='lat' dir='ltr'><strong>animae</strong></span> <span class='ocrx_word' id='word_1_74' title='bbox 382 1379 531 1459; x_wconf 89' lang='lat' dir='ltr'><strong>prohibere</strong></span> <span class='ocrx_word' id='word_1_75' title='bbox 559 1398 659 1447; x_wconf 88' lang='lat' dir='ltr'><strong>omnes</strong></span> <span class='ocrx_word' id='word_1_76' title='bbox 688 1376 920 1438; x_wconf 81' lang='lat' dir='ltr'><strong>mortificationes</strong></span> 
     </span>
     <span class='ocr_line' id='line_1_14' title="bbox 144 1470 920 1553; baseline -0.001 -22"><span class='ocrx_word' id='word_1_77' title='bbox 144 1483 296 1547; x_wconf 86' lang='lat' dir='ltr'><strong>externas,</strong></span> <span class='ocrx_word' id='word_1_78' title='bbox 316 1492 467 1553; x_wconf 85' lang='lat' dir='ltr'>quousque</span> <span class='ocrx_word' id='word_1_79' title='bbox 480 1492 510 1532; x_wconf 88' lang='lat' dir='ltr'><strong>se</strong></span> <span class='ocrx_word' id='word_1_80' title='bbox 527 1476 632 1532; x_wconf 89' lang='lat' dir='ltr'><strong>sentiat</strong></span> <span class='ocrx_word' id='word_1_81' title='bbox 646 1472 765 1532; x_wconf 84' lang='lat' dir='ltr'><strong>liberam</strong></span> <span class='ocrx_word' id='word_1_82' title='bbox 778 1473 815 1532; x_wconf 89' lang='lat' dir='ltr'><strong>ab</strong></span> <span class='ocrx_word' id='word_1_83' title='bbox 829 1470 920 1552; x_wconf 87' lang='lat' dir='ltr'><strong>aiiqua</strong></span> 
     </span>
     <span class='ocr_line' id='line_1_15' title="bbox 144 1562 924 1645; baseline -0.001 -22"><span class='ocrx_word' id='word_1_84' title='bbox 144 1567 275 1643; x_wconf 81' lang='lat' dir='ltr'><strong>passione</strong></span> <span class='ocrx_word' id='word_1_85' title='bbox 285 1566 376 1645; x_wconf 73' lang='lat' dir='ltr'><strong>magia</strong></span> <span class='ocrx_word' id='word_1_86' title='bbox 382 1562 567 1641; x_wconf 80' lang='lat' dir='ltr'><strong>dominante,</strong></span> <span class='ocrx_word' id='word_1_87' title='bbox 579 1574 611 1625; x_wconf 87' lang='lat' dir='ltr'><strong>ut</strong></span> <span class='ocrx_word' id='word_1_88' title='bbox 620 1566 775 1638; x_wconf 80' lang='lat' dir='ltr'><strong>vanitatis,</strong></span> <span class='ocrx_word' id='word_1_89' title='bbox 785 1565 924 1634; x_wconf 85' lang='lat' dir='ltr'><strong>rancoris,</strong></span> 
     </span>
     <span class='ocr_line' id='line_1_16' title="bbox 144 1656 923 1737; baseline -0.005 -19"><span class='ocrx_word' id='word_1_90' title='bbox 144 1656 307 1737; x_wconf 70' lang='lat' dir='ltr'><strong>cupiditatis</strong></span> <span class='ocrx_word' id='word_1_91' title='bbox 319 1678 412 1719; x_wconf 87' lang='lat' dir='ltr'><strong>rernm</strong></span> <span class='ocrx_word' id='word_1_92' title='bbox 425 1658 514 1736; x_wconf 79' lang='lat' dir='ltr'><strong>huius</strong></span> <span class='ocrx_word' id='word_1_93' title='bbox 526 1657 643 1732; x_wconf 90' lang='lat' dir='ltr'><strong>mundi,</strong></span> <span class='ocrx_word' id='word_1_94' title='bbox 652 1658 856 1717; x_wconf 71' lang='lat' dir='ltr'><strong>estimationis</strong></span> <span class='ocrx_word' id='word_1_95' title='bbox 864 1675 923 1736; x_wconf 89' lang='lat' dir='ltr'><strong>pro·</strong></span> 
     </span>
     <span class='ocr_line' id='line_1_17' title="bbox 145 1748 924 1834; baseline -0.006 -22"><span class='ocrx_word' id='word_1_96' title='bbox 145 1755 230 1834; x_wconf 67' lang='lat' dir='ltr'><strong>price,</strong></span> <span class='ocrx_word' id='word_1_97' title='bbox 244 1762 293 1813; x_wconf 85' lang='lat' dir='ltr'><strong>aut</strong></span> <span class='ocrx_word' id='word_1_98' title='bbox 307 1755 426 1832; x_wconf 70' lang='lat' dir='ltr'><strong>propriae</strong></span> <span class='ocrx_word' id='word_1_99' title='bbox 442 1752 608 1812; x_wconf 85' lang='lat' dir='ltr'><strong>voluntatis.</strong></span> <span class='ocrx_word' id='word_1_100' title='bbox 624 1749 682 1809; x_wconf 90' lang='lat' dir='ltr'><strong>Sed</strong></span> <span class='ocrx_word' id='word_1_101' title='bbox 696 1748 830 1810; x_wconf 86' lang='lat' dir='ltr'><strong>absolute</strong></span> <span class='ocrx_word' id='word_1_102' title='bbox 849 1766 924 1808; x_wconf 84' lang='lat' dir='ltr'><strong>asae·</strong></span> 
     </span>
     <span class='ocr_line' id='line_1_18' title="bbox 144 1843 925 1923; baseline -0.006 -17"><span class='ocrx_word' id='word_1_103' title='bbox 144 1866 206 1906; x_wconf 84' lang='lat' dir='ltr'><strong>rere</strong></span> <span class='ocrx_word' id='word_1_104' title='bbox 220 1846 452 1906; x_wconf 83' lang='lat' dir='ltr'><strong>mortificationes</strong></span> <span class='ocrx_word' id='word_1_105' title='bbox 467 1855 600 1905; x_wconf 76' lang='lat' dir='ltr'><strong>externas</strong></span> <span class='ocrx_word' id='word_1_106' title='bbox 612 1843 730 1917; x_wconf 88' lang='lat' dir='ltr'><strong>,-nihil,</strong></span> <span class='ocrx_word' id='word_1_107' title='bbox 754 1852 806 1902; x_wconf 89' lang='lat' dir='ltr'><strong>aut</strong></span> <span class='ocrx_word' id='word_1_108' title='bbox 827 1858 925 1923; x_wconf 84' lang='lat' dir='ltr'><strong>parurn</strong></span> 
     </span>
     <span class='ocr_line' id='line_1_19' title="bbox 147 1933 927 2020; baseline -0.006 -20"><span class='ocrx_word' id='word_1_109' title='bbox 147 1939 299 2020; x_wconf 85' lang='lat' dir='ltr'><strong>prodesse,</strong></span> <span class='ocrx_word' id='word_1_110' title='bbox 311 1943 457 2002; x_wconf 83' lang='lat' dir='ltr'><strong>maximus</strong></span> <span class='ocrx_word' id='word_1_111' title='bbox 468 1947 605 2000; x_wconf 86' lang='lat' dir='ltr'><strong>errorest.</strong></span> <span class='ocrx_word' id='word_1_112' title='bbox 624 1933 791 2002; x_wconf 87' lang='lat' dir='ltr'><strong>DicebatS.</strong></span> <span class='ocrx_word' id='word_1_113' title='bbox 802 1935 927 1998; x_wconf 75' lang='lat' dir='ltr'><strong>ioannes</strong></span> 
     </span>
     <span class='ocr_line' id='line_1_20' title="bbox 148 2029 928 2118; baseline -0.01 -20"><span class='ocrx_word' id='word_1_114' title='bbox 148 2055 257 2098; x_wconf 81' lang='lat' dir='ltr'><strong>acruce</strong></span> <span class='ocrx_word' id='word_1_115' title='bbox 272 2036 297 2098; x_wconf 89' lang='lat' dir='ltr'><strong>ei</strong></span> <span class='ocrx_word' id='word_1_116' title='bbox 312 2040 362 2118; x_wconf 90' lang='lat' dir='ltr'><strong>qui</strong></span> <span class='ocrx_word' id='word_1_117' title='bbox 377 2039 507 2117; x_wconf 87' lang='lat' dir='ltr'><strong>reprobat</strong></span> <span class='ocrx_word' id='word_1_118' title='bbox 522 2035 705 2116; x_wconf 73' lang='lat' dir='ltr'><strong>poenitentias</strong></span> <span class='ocrx_word' id='word_1_119' title='bbox 718 2029 831 2092; x_wconf 88' lang='lat' dir='ltr'><strong>nullam</strong></span> <span class='ocrx_word' id='word_1_120' title='bbox 847 2048 928 2111; x_wconf 76' lang='lat' dir='ltr'><strong>pres-</strong></span> 
     </span>
     <span class='ocr_line' id='line_1_21' title="bbox 103 2123 927 2204; baseline -0.015 -11"><span class='ocrx_word' id='word_1_121' title='bbox 103 2185 108 2193; x_wconf 84' lang='grc'><strong><em>,</em></strong></span> <span class='ocrx_word' id='word_1_122' title='bbox 149 2131 268 2193; x_wconf 75' lang='lat' dir='ltr'><strong>tendam</strong></span> <span class='ocrx_word' id='word_1_123' title='bbox 279 2148 341 2190; x_wconf 85' lang='lat' dir='ltr'><strong>csse</strong></span> <span class='ocrx_word' id='word_1_124' title='bbox 351 2128 456 2204; x_wconf 87' lang='lat' dir='ltr'><strong>fidem,</strong></span> <span class='ocrx_word' id='word_1_125' title='bbox 472 2129 582 2188; x_wconf 87' lang='lat' dir='ltr'><strong>etiamsi</strong></span> <span class='ocrx_word' id='word_1_126' title='bbox 595 2123 732 2185; x_wconf 88' lang='lat' dir='ltr'><strong>miracula</strong></span> <span class='ocrx_word' id='word_1_127' title='bbox 748 2130 927 2204; x_wconf 76' lang='lat' dir='ltr'><strong>perpetraret.</strong></span> 
     </span>
     <span class='ocr_line' id='line_1_22' title="bbox 195 2217 930 2297; baseline -0.01 -16"><span class='ocrx_word' id='word_1_128' title='bbox 195 2224 259 2295; x_wconf 73' lang='lat' dir='ltr'><strong>roo.</strong></span> <span class='ocrx_word' id='word_1_129' title='bbox 269 2223 313 2280; x_wconf 79' lang='lat' dir='ltr'><strong>Ab</strong></span> <span class='ocrx_word' id='word_1_130' title='bbox 324 2224 405 2280; x_wconf 86' lang='lat' dir='ltr'><strong>initio</strong></span> <span class='ocrx_word' id='word_1_131' title='bbox 417 2238 483 2297; x_wconf 81' lang='lat' dir='ltr'><strong>ergo</strong></span> <span class='ocrx_word' id='word_1_132' title='bbox 497 2219 628 2278; x_wconf 86' lang='lat' dir='ltr'><strong>Director</strong></span> <span class='ocrx_word' id='word_1_133' title='bbox 642 2225 710 2276; x_wconf 84' lang='lat' dir='ltr'><strong>ante</strong></span> <span class='ocrx_word' id='word_1_134' title='bbox 720 2217 820 2276; x_wconf 85' lang='lat' dir='ltr'><strong>omnia</strong></span> <span class='ocrx_word' id='word_1_135' title='bbox 832 2217 930 2291; x_wconf 84' lang='lat' dir='ltr'><strong>injun-</strong></span> 
     </span>
     <span class='ocr_line' id='line_1_23' title="bbox 150 2311 927 2398; baseline -0.008 -20"><span class='ocrx_word' id='word_1_136' title='bbox 150 2329 196 2398; x_wconf 78' lang='lat' dir='ltr'><strong>gat</strong></span> <span class='ocrx_word' id='word_1_137' title='bbox 213 2318 384 2393; x_wconf 87' lang='lat' dir='ltr'><strong>Poenitenti,</strong></span> <span class='ocrx_word' id='word_1_138' title='bbox 403 2325 435 2376; x_wconf 84' lang='lat' dir='ltr'><strong>ut</strong></span> <span class='ocrx_word' id='word_1_139' title='bbox 452 2313 526 2375; x_wconf 88' lang='lat' dir='ltr'><strong>nihii</strong></span> <span class='ocrx_word' id='word_1_140' title='bbox 549 2330 680 2393; x_wconf 89' lang='lat' dir='ltr'><strong>unquam</strong></span> <span class='ocrx_word' id='word_1_141' title='bbox 703 2311 790 2373; x_wconf 83' lang='lat' dir='ltr'><strong>faciat</strong></span> <span class='ocrx_word' id='word_1_142' title='bbox 812 2322 927 2386; x_wconf 85' lang='lat' dir='ltr'><strong>contra,</strong></span> 
     </span>
     <span class='ocr_line' id='line_1_24' title="bbox 152 2401 930 2491; baseline -0.005 -20"><span class='ocrx_word' id='word_1_143' title='bbox 152 2420 202 2472; x_wconf 84' lang='lat' dir='ltr'><strong>ant</strong></span> <span class='ocrx_word' id='word_1_144' title='bbox 215 2412 277 2470; x_wconf 86' lang='lat' dir='ltr'><strong>sine</strong></span> <span class='ocrx_word' id='word_1_145' title='bbox 289 2411 352 2486; x_wconf 82' lang='lat' dir='ltr'><strong>&#39;ejus</strong></span> <span class='ocrx_word' id='word_1_146' title='bbox 363 2407 534 2469; x_wconf 88' lang='lat' dir='ltr'><strong>obedientia.</strong></span> <span class='ocrx_word' id='word_1_147' title='bbox 550 2408 611 2484; x_wconf 87' lang='lat' dir='ltr'><strong>Qui</strong></span> <span class='ocrx_word' id='word_1_148' title='bbox 622 2413 721 2491; x_wconf 81' lang='lat' dir='ltr'><strong>contra</strong></span> <span class='ocrx_word' id='word_1_149' title='bbox 736 2401 930 2468; x_wconf 82' lang='lat' dir='ltr'><strong>obedientiam</strong></span> 
     </span>
     <span class='ocr_line' id='line_1_25' title="bbox 153 2495 931 2581; baseline -0.008 -19"><span class='ocrx_word' id='word_1_150' title='bbox 153 2505 334 2581; x_wconf 69' lang='lat' dir='ltr'><strong>penitentias</strong></span> <span class='ocrx_word' id='word_1_151' title='bbox 356 2511 463 2578; x_wconf 80' lang='lat' dir='ltr'><strong>agunt,</strong></span> <span class='ocrx_word' id='word_1_152' title='bbox 488 2500 583 2579; x_wconf 89' lang='lat' dir='ltr'><strong>iuquit</strong></span> <span class='ocrx_word' id='word_1_153' title='bbox 597 2496 629 2557; x_wconf 89' lang='lat' dir='ltr'><strong>S.</strong></span> <span class='ocrx_word' id='word_1_154' title='bbox 644 2495 775 2556; x_wconf 86' lang='lat' dir='ltr'><strong>Joannes</strong></span> <span class='ocrx_word' id='word_1_155' title='bbox 793 2517 809 2556; x_wconf 92' lang='lat' dir='ltr'><strong>a</strong></span> <span class='ocrx_word' id='word_1_156' title='bbox 825 2514 931 2569; x_wconf 87' lang='lat' dir='ltr'><strong>cruce,</strong></span> 
     </span>
     <span class='ocr_line' id='line_1_26' title="bbox 155 2588 931 2673; baseline -0.008 -19"><span class='ocrx_word' id='word_1_157' title='bbox 155 2597 200 2654; x_wconf 79' lang='lat' dir='ltr'><strong>Hi</strong></span> <span class='ocrx_word' id='word_1_158' title='bbox 225 2596 324 2673; x_wconf 75' lang='lat' dir='ltr'><strong>magis</strong></span> <span class='ocrx_word' id='word_1_159' title='bbox 347 2595 588 2672; x_wconf 80' lang='lat' dir='ltr'><strong>progrediuntur</strong></span> <span class='ocrx_word' id='word_1_160' title='bbox 604 2592 635 2651; x_wconf 84' lang='lat' dir='ltr'><strong>in</strong></span> <span class='ocrx_word' id='word_1_161' title='bbox 655 2589 754 2664; x_wconf 77' lang='lat' dir='ltr'><strong>vitiis,</strong></span> <span class='ocrx_word' id='word_1_162' title='bbox 781 2608 878 2667; x_wconf 81' lang='lat' dir='ltr'><strong>quum</strong></span> <span class='ocrx_word' id='word_1_163' title='bbox 900 2588 931 2648; x_wconf 79' lang='lat' dir='ltr'><strong>in</strong></span> 
     </span>
     <span class='ocr_line' id='line_1_27' title="bbox 154 2680 932 2767; baseline -0.012 -18"><span class='ocrx_word' id='word_1_164' title='bbox 154 2689 323 2750; x_wconf 71' lang='lat' dir='ltr'><strong>virtutibus.</strong></span> <span class='ocrx_word' id='word_1_165' title='bbox 336 2686 381 2746; x_wconf 87' lang='lat' dir='ltr'><strong>Sit</strong></span> <span class='ocrx_word' id='word_1_166' title='bbox 396 2703 530 2767; x_wconf 88' lang='lat' dir='ltr'><strong>quoque,</strong></span> <span class='ocrx_word' id='word_1_167' title='bbox 544 2693 577 2744; x_wconf 87' lang='lat' dir='ltr'><strong>ut</strong></span> <span class='ocrx_word' id='word_1_168' title='bbox 592 2682 675 2757; x_wconf 87' lang='lat' dir='ltr'><strong>dixi,</strong></span> <span class='ocrx_word' id='word_1_169' title='bbox 699 2680 789 2741; x_wconf 84' lang='lat' dir='ltr'><strong>vaide</strong></span> <span class='ocrx_word' id='word_1_170' title='bbox 807 2684 932 2742; x_wconf 84' lang='lat' dir='ltr'><strong>retinens</strong></span> 
     </span>
     <span class='ocr_line' id='line_1_28' title="bbox 155 2776 932 2858; baseline -0.014 -12"><span class='ocrx_word' id='word_1_171' title='bbox 155 2787 185 2845; x_wconf 89' lang='lat' dir='ltr'><strong>in</strong></span> <span class='ocrx_word' id='word_1_172' title='bbox 215 2780 404 2845; x_wconf 84' lang='lat' dir='ltr'><strong>concedendis</strong></span> <span class='ocrx_word' id='word_1_173' title='bbox 440 2777 607 2858; x_wconf 78' lang='lat' dir='ltr'><strong>huiusmodi</strong></span> <span class='ocrx_word' id='word_1_174' title='bbox 640 2776 932 2849; x_wconf 77' lang='lat' dir='ltr'><strong>munificationibus,</strong></span> 
     </span>
     <span class='ocr_line' id='line_1_29' title="bbox 158 2867 933 2960; baseline -0.018 -20"><span class='ocrx_word' id='word_1_175' title='bbox 158 2881 291 2960; x_wconf 81' lang='lat' dir='ltr'><strong>quamvis</strong></span> <span class='ocrx_word' id='word_1_176' title='bbox 314 2876 343 2936; x_wconf 88' lang='lat' dir='ltr'><strong>id</strong></span> <span class='ocrx_word' id='word_1_177' title='bbox 361 2877 531 2958; x_wconf 87' lang='lat' dir='ltr'><strong>importunis</strong></span> <span class='ocrx_word' id='word_1_178' title='bbox 554 2869 711 2948; x_wconf 84' lang='lat' dir='ltr'><strong>efflagitent</strong></span> <span class='ocrx_word' id='word_1_179' title='bbox 733 2867 933 2931; x_wconf 74' lang='lat' dir='ltr'><strong>Paenitentes:</strong></span> 
     </span>
     <span class='ocr_line' id='line_1_30' title="bbox 159 2965 936 3045; baseline -0.018 -7"><span class='ocrx_word' id='word_1_180' title='bbox 159 2979 225 3038; x_wconf 75' lang='lat' dir='ltr'><strong>satis</strong></span> <span class='ocrx_word' id='word_1_181' title='bbox 239 2979 292 3037; x_wconf 85' lang='lat' dir='ltr'><strong>erit</strong></span> <span class='ocrx_word' id='word_1_182' title='bbox 303 2976 339 3036; x_wconf 90' lang='lat' dir='ltr'><strong>ab</strong></span> <span class='ocrx_word' id='word_1_183' title='bbox 350 2974 432 3035; x_wconf 87' lang='lat' dir='ltr'><strong>initio</strong></span> <span class='ocrx_word' id='word_1_184' title='bbox 439 2975 480 3032; x_wconf 85' lang='lat' dir='ltr'><strong>eis</strong></span> <span class='ocrx_word' id='word_1_185' title='bbox 491 2967 643 3034; x_wconf 88' lang='lat' dir='ltr'><strong>concedere</strong></span> <span class='ocrx_word' id='word_1_186' title='bbox 653 2965 782 3045; x_wconf 87' lang='lat' dir='ltr'><strong>aiiquam</strong></span> <span class='ocrx_word' id='word_1_187' title='bbox 797 2974 936 3037; x_wconf 87' lang='lat' dir='ltr'><strong>tenuem,</strong></span> 
     </span>
     <span class='ocr_line' id='line_1_31' title="bbox 108 3056 937 3136; baseline -0.013 -9"><span class='ocrx_word' id='word_1_188' title='bbox 108 3088 116 3103; x_wconf 86' lang='lat'><strong>·</strong></span> <span class='ocrx_word' id='word_1_189' title='bbox 159 3067 209 3127; x_wconf 86' lang='lat' dir='ltr'><strong>sed</strong></span> <span class='ocrx_word' id='word_1_190' title='bbox 223 3088 315 3128; x_wconf 86' lang='lat' dir='ltr'><strong>raram</strong></span> <span class='ocrx_word' id='word_1_191' title='bbox 331 3065 599 3134; x_wconf 84' lang='lat' dir='ltr'><strong>mortificationem,</strong></span> <span class='ocrx_word' id='word_1_192' title='bbox 612 3068 646 3119; x_wconf 84' lang='lat' dir='ltr'><strong>ut</strong></span> <span class='ocrx_word' id='word_1_193' title='bbox 660 3056 840 3136; x_wconf 84' lang='lat' dir='ltr'><strong>disciplinam</strong></span> <span class='ocrx_word' id='word_1_194' title='bbox 854 3097 863 3130; x_wconf 96' lang='lat'><strong>,</strong></span> <span class='ocrx_word' id='word_1_195' title='bbox 885 3076 937 3117; x_wconf 92' lang='lat' dir='ltr'><strong>ca-</strong></span> 
     </span>
     <span class='ocr_line' id='line_1_32' title="bbox 153 3147 939 3237; baseline -0.019 -12"><span class='ocrx_word' id='word_1_196' title='bbox 153 3161 286 3227; x_wconf 76' lang='lat' dir='ltr'><strong>tenulam</strong></span> <span class='ocrx_word' id='word_1_197' title='bbox 301 3162 427 3226; x_wconf 82' lang='lat' dir='ltr'><strong>ferream</strong></span> <span class='ocrx_word' id='word_1_198' title='bbox 438 3204 448 3237; x_wconf 97' lang='lat'><strong>,</strong></span> <span class='ocrx_word' id='word_1_199' title='bbox 460 3156 685 3224; x_wconf 67' lang='lat' dir='ltr'><strong>abstinendum,</strong></span> <span class='ocrx_word' id='word_1_200' title='bbox 696 3152 792 3228; x_wconf 78' lang='lat' dir='ltr'><strong>potius</strong></span> <span class='ocrx_word' id='word_1_201' title='bbox 801 3147 840 3210; x_wconf 88' lang='lat' dir='ltr'><strong>ad</strong></span> <span class='ocrx_word' id='word_1_202' title='bbox 852 3151 939 3227; x_wconf 79' lang='lat' dir='ltr'><strong>inge·</strong></span> 
     </span>
    </p>
   </div>
   <div class='ocr_carea' id='block_1_3' title="bbox 0 0 1001 3608">
    <p class='ocr_par' dir='ltr' id='par_1_3' title="bbox 0 0 1001 3608">
     <span class='ocr_line' id='line_1_33' title="bbox 0 0 1001 3608; baseline 0 0"><span class='ocrx_word' id='word_1_203' title='bbox 0 0 1001 3608; x_wconf 95' lang='lat' dir='ltr'><strong> </strong></span> 
     </span>
    </p>
   </div>
  </div>
 </body>
</html>
