1956 3608
166 210 206 272 28
384 224 489 266 rnrxrs
510 224 714 266 consessuri.

164 322 222 396 qur
236 313 273 373 de
287 332 317 374 re
329 323 439 396 oportet
451 335 563 396 semper
577 315 718 396 frequenti
733 315 829 377 studio
843 335 892 381 ees
904 321 934 394 in

163 429 331 472 memoriam
349 430 490 472 revocare.

287 597 314 671 ς.
331 596 386 658 rv.
403 595 503 659 eona
517 598 638 660 roano
652 594 804 677 officinm.

82 862 87 869 .
206 804 252 866 ¹9·
276 785 470 845 Posrnnsrmr
487 783 659 846 Confessarii
674 778 799 843 officium
816 793 859 843 est
876 784 931 845 Ju-

160 878 255 953 dicis,
277 890 306 940 et
325 879 380 941 hoc
401 881 535 959 importat
555 878 605 952 nt,
623 879 697 936 sicut
710 875 804 936 Judex
823 886 932 937 tenetur

138 980 141 984 ⁴
160 979 239 1053 prius
253 977 376 1033 rationes
389 992 574 1049 cognoscere,
596 969 663 1031 inde
676 990 767 1031 eausae
786 981 928 1032 momenta

159 1067 319 1141 discutere,
343 1076 372 1126 et
391 1065 514 1145 denique
536 1067 706 1125 sententiam
725 1066 848 1144 proferre
866 1087 875 1137 ;
892 1069 929 1126 ita

159 1161 359 1222 confessarius
369 1163 447 1241 prius
458 1159 541 1219 debet
548 1159 676 1219 conscius
688 1159 747 1217 fieri
763 1159 930 1238 Pcenitentis

158 1258 357 1329 conscientiae,
370 1266 464 1336 postea
476 1253 539 1332 ejus
550 1253 764 1334 dispositionem
776 1256 930 1334 inspicere,

157 1361 186 1410 et
201 1361 295 1431 postea
311 1349 519 1410 absolutionem
535 1351 679 1429 impertire
695 1358 744 1409 aut
758 1369 880 1426 negare.>
894 1353 930 1413 Et

156 1436 254 1524 quoad
268 1447 393 1524 primunr
409 1464 536 1520 munus,
558 1442 635 1522 quod
649 1451 692 1503 est
706 1453 816 1523 peccata
835 1444 930 1506 Poeni·

155 1540 243 1598 tentis
257 1557 439 1616 cognoscere,
456 1540 591 1619 quamvis
603 1537 732 1600 debitum
744 1539 929 1601 examinandi

155 1635 359 1695 conscientiam
375 1635 412 1692 sit
425 1634 598 1712 precipuum
613 1631 800 1706 Poenitentis,
823 1632 930 1694 nihito·

146 1730 272 1800 minus,
288 1724 431 1807 quidquid
446 1727 494 1786 aiii
509 1728 646 1788 Doctores
657 1733 703 1801 (r)
715 1728 927 1803 dixerint,n0n

154 1831 198 1881 est
223 1814 415 1881 dubitandem
441 1823 534 1901 quin,
560 1823 583 1883 si
606 1813 804 1882 Coniessarins
820 1840 928 1899 cogno-
960 1881 965 1893 ,

110 1924 114 1931 “
152 1916 227 1976 verit
243 1915 433 1974 Poenitentem
455 1935 512 1974 non
529 1917 597 1976 satis
611 1913 759 1993 diiigenter
774 1920 927 1979 conscien-

154 2013 223 2072 tiam
239 2030 320 2071 suam
339 2009 525 2084 discussisse,
546 2020 658 2073 tenetur
670 2013 730 2090 ipse
746 2028 813 2072 euin
833 2001 926 2072 inter-

104 2098 107 2103 ’
152 2125 269 2182 rogare,
293 2106 370 2184 prius
392 2103 428 2163 de
455 2107 575 2183 peccatis
596 2110 626 2167 in
647 2123 712 2184 qoae
735 2104 925 2169 verisimiliter

152 2196 277 2259 incidere
299 2192 427 2276 poterat,
447 2207 476 2256 et
497 2202 592 2276 postea
615 2196 651 2255 de
669 2216 768 2258 eornm
783 2201 876 2276 specie
895 2211 924 2260 et
945 2208 949 2214 '

150 2310 295 2367 numero,
318 2301 351 2350 nt
374 2292 510 2370 probatur
529 2310 564 2352 ex
587 2312 613 2352 c.
635 2292 743 2353 Omnis
766 2293 923 2373 utriusque

149 2405 262 2460 serens,
276 2385 317 2447 de
334 2384 446 2447 Ponit.
458 2403 468 2454 ,·
481 2398 508 2447 et
522 2405 564 2446 eor
577 2387 626 2446 rit.
637 2384 728 2445 Rom.
741 2389 753 2452 (
772 2393 796 2455 ).

136 2507 141 2514 ·
173 2486 176 2493 ⁴
190 2501 240 2541 20.
253 2482 290 2541 Et
301 2481 347 2543 hic
359 2481 448 2541 multe
458 2479 712 2540 animadvertenda
725 2493 792 2542 sunt
802 2503 810 2554 3
820 2483 845 2542 Ι.
855 2483 921 2546 Per-

149 2591 246 2651 peram
262 2592 308 2633 eos
324 2582 437 2651 agere,
455 2577 506 2652 qni
521 2571 605 2634 rudes
619 2571 790 2652 dimittunt,
812 2587 844 2636 ut
857 2599 920 2638 rne-

119 2720 122 2727 .
148 2664 204 2727 li'us
227 2685 256 2727 se
277 2658 442 2728 enaminent
463 2690 470 2739 ;
494 2668 547 2731 hoc
571 2673 607 2730 Ρ.
630 2673 754 2750 Segnerr‘
772 2674 817 2743 (3)
836 2681 919 2734 vocat

85 2764 92 2779 ’
134 2762 918 2844 >erroremintoierabilern,etjureoptimo;quiahujur·

138 2890 141 2895 Ι
180 2939 220 2998 (r)
238 2935 316 3005 Apud
328 2934 433 2989 Lohner
444 2938 568 2992 instruct.
579 2943 662 3008 praet.
673 2949 699 3007 p.
711 2935 752 2991 33.

180 3034 218 3091 (2)
238 3029 305 3080 Vide
316 3028 360 3082 lib.
373 3029 407 3091 6,
427 3045 502 3083 num.
515 3033 574 3096 607.

179 3130 218 3191 (ὅ)
236 3126 351 3182 ansas.
362 3128 441 3184 lustr.
453 3144 475 3182 e
490 3147 513 3183 2.
615 3183 618 3186 ,
