1956 3614
111 200 168 273 248
328 216 433 258 uusxrs
452 215 657 257 conresssnu.

102 308 195 385 pedes
207 308 409 380 osculandos,
423 329 461 367 oc
472 307 516 366 ud
527 319 553 368 te
564 305 738 379 amandum
750 306 783 365 in
794 321 884 368 θεῖεν·

104 414 194 462 num.
225 400 307 459 Vitta
335 419 419 479 super
446 398 542 460 oculos
571 419 618 459 reo
644 401 826 478 imponitur,
858 412 885 462 et

104 497 165 575 ipse
178 494 282 555 scalam
296 493 441 565 asoendit3
454 496 482 554 ei
495 493 589 555 dicat:
605 493 665 555 Fili
679 495 744 568 mi,
765 497 878 558 invoco

103 589 163 649 Dei
176 592 330 665 Matrem,
351 601 385 650 ut
408 589 462 650 tibi
478 590 612 652 assistat.
645 588 733 669 Offer
747 600 881 653 mortem

103 695 192 745 tuom
214 704 272 762 pro
294 684 393 761 culpis
412 684 482 744 tuis.
509 687 684 746 Protesture
702 686 785 743 nolte
808 706 885 746 con·

104 777 216 838 sentire
239 778 312 838 unae
339 779 493 838 doemonis
520 776 687 838 tentationi.
722 776 883 857 Postquam

105 868 210 929 scalam
235 868 392 930 ascenderit
423 868 521 939 (dum
542 871 681 930 sententia
703 873 880 931 'exsecutioni

106 958 309 1022 demandanda
324 971 410 1037 est),
433 961 525 1023 dicat:
543 965 624 1024 Ecce
636 964 727 1024 Jesns
740 964 882 1025 Christus

104 1055 161 1131 qui
173 1056 322 1132 expansis
337 1056 472 1116 brachiis
487 1069 514 1116 te
525 1070 687 1133 exspectat
696 1070 730 1117 nt
742 1058 883 1134 amulet-

104 1160 189 1209 tatur
205 1172 213 1210 r
236 1150 388 1222 Domine,
413 1163 440 1210 te
464 1149 604 1228 offendi;
625 1151 701 1209 mihi
719 1150 882 1228 displicet:

106 1263 190 1303 nunc
204 1255 231 1303 te
245 1263 316 1303 omo
336 1255 396 1303 toto
416 1245 521 1302 corde.
547 1246 630 1305 Deus
644 1244 762 1304 animm
784 1263 882 1319 mete,

104 1350 137 1395 tn
153 1356 202 1395 me
216 1357 327 1408 vocas,
351 1355 418 1396 ecce
434 1339 505 1408 iam
524 1339 619 1398 nonio.
642 1339 746 1399 Mario
765 1339 862 1418 Virgo
873 1338 892 1414 ,¹

104 1430 216 1504 adjuva
226 1451 287 1488 me.
298 1429 443 1503 Domine,
455 1432 486 1489 in
497 1453 610 1492 manus
619 1445 688 1492 tuus
697 1433 882 1493 commendo

103 1523 244 1598 spiritum
260 1542 370 1582 meum.
387 1521 496 1599 Jesns',
514 1538 542 1589 et
553 1528 667 1589 Maria·
681 1526 795 1600 Jesus',
809 1528 883 1587 Mo·

104 1618 179 1694 rio,
206 1617 334 1699 Josept.
888 1694 891 1699 Ι

149 1735 215 1794 ¹⁰9·
237 1714 268 1775 Si
284 1727 381 1781 autem
397 1738 462 1778 reus
478 1717 618 1777 obstinate
633 1714 722 1776 nollet
736 1715 866 1776 confiteri
874 1740 886 1791 ,-

105 1807 176 1888 quid
186 1798 354 1887 agendum?
374 1834 399 1872 r.
412 1811 731 1888 confessariusquaerat
741 1829 809 1888 eum
820 1831 884 1870 ora-

103 1901 231 1960 tionibus
249 1900 409 1980 adjuvare,
430 1914 457 1964 et
470 1913 548 1966 curet
561 1912 593 1963 ut
607 1904 692 1962 etiam
707 1902 745 1961 ab
759 1901 824 1962 aliis
838 1901 884 1963 itte
902 1928 909 1937 ·

102 1994 168 2055 Deo
187 1996 421 2074 commendetur,
439 2021 472 2060 ac
492 1999 664 2079 praecipue'a
685 1998 883 2056 communita-

61 2170 65 2175 ·
103 2090 181 2150 tibus
193 2090 347 2168 religiosis,
363 2104 394 2152 ut
409 2095 502 2151 missis
513 2102 541 2150 et
552 2091 682 2170 precibus
692 2087 787 2168 ipsum
799 2084 890 2151 auxi?

104 2180 221 2242 lientur.
235 2204 263 2240 a.
278 2183 397 2243 intimet
410 2182 563 2258 damnato,
578 2179 655 2262 quod
667 2184 728 2242 sive
739 2183 800 2262 ipse
810 2201 881 2243 con-

103 2282 252 2350 vertatur,
276 2278 336 2335 sive
354 2295 434 2350 non,
458 2276 596 2335 sententia
613 2271 796 2353 exsequenda
817 2277 878 2341 erit.

101 2368 134 2430 3.
149 2368 328 2448 Interroget,
349 2390 386 2431 au
405 2370 476 2431 forte
494 2368 529 2429 de
547 2389 597 2428 sua
617 2367 708 2429 salute
728 2366 879 2449 desperet,

101 2480 137 2521 eo
152 2461 230 2542 quod
245 2465 373 2523 animam
392 2461 516 2524 daemoni
538 2458 683 2531 tradiderit
705 2459 717 2521 i
745 2460 787 2520 Eo
801 2462 878 2521 enim

102 2577 170 2620 casu
188 2555 229 2617 iili
248 2557 366 2618 suadere
380 2557 512 2631 studeat,
536 2554 614 2636 quod
628 2554 797 2633 hujusmodi
816 2578 879 2636 pac·

99 2661 167 2713 tum
182 2653 242 2711 vim
257 2651 431 2729 nonhabet,
451 2654 518 2732 quia
534 2650 611 2712 solus
625 2650 704 2709 Deus
717 2660 760 2711 est
773 2653 878 2712 anime

100 2743 246 2806 Dominus
267 2766 275 2814 3
300 2754 328 2804 et
351 2746 447 2805 statim
472 2764 505 2804 ao
531 2747 591 2824 ipse
619 2761 738 2822 pravam
765 2752 878 2804 revocat

100 2841 303 2915 voluntatem,
332 2837 411 2898 Deus
428 2840 481 2918 ipsi
501 2840 597 2898 omnia
616 2847 729 2917 peccata
748 2839 883 2913 remittit..

96 2937 325 3014 ¹41nterroget,
345 2955 382 2995 an
400 2933 525 3014 aliquem
543 2933 608 2994 odio
625 2935 819 3016 insequatur,
841 2952 876 2997 ex

101 3049 162 3112 quo
175 3033 324 3110 proveniat
337 3050 387 3090 sua
400 3027 578 3090 obstinatio?
592 3027 713 3106 insuper
721 3024 875 3102 advertat,

96 3124 202 3202 primis
215 3124 325 3189 ritibus
339 3124 444 3203 quibus
458 3120 544 3185 talem
559 3121 736 3185 obstinatum
755 3120 875 3202 alloqui·
