1956 3608
156 229 195 290 tio
375 240 480 286 rrtxrs
496 241 703 288 consessum,

154 337 248 396 siones
266 334 479 409 removendas)
505 339 514 396 t
540 338 662 416 Quoties
685 345 833 418 peccatum
858 357 928 423 con-

153 439 355 505 summatum,
377 440 406 490 et
418 440 487 511 quot
503 442 583 492 actus
596 434 745 512 interrupti
762 426 928 509 adfuerint,

153 526 270 583 seorsim
285 544 301 582 a
317 534 431 603 peccato
451 525 463 583 ἰ’
484 525 562 584 Num
579 536 691 605 peccato
711 525 836 586 mullum
859 537 928 589 ante

152 598 346 679 ‘consenserint
365 617 460 678 inam
476 628 543 680 tunc
555 628 635 680 actus
651 622 754 680 interni
770 623 926 683 interrum-

151 723 278 793 puntur,
299 711 380 789 juxta
392 711 464 774 dicta
479 719 523 785 (t)
537 708 588 786 {et
600 722 661 773 tum
673 713 788 792 expedit
802 706 928 777 formare

150 805 309 885 judicium,
325 809 406 867 toties
415 807 599 889 multiplicata
609 808 696 867 fuisse
707 817 841 888 peccata,
854 818 927 890 quot

151 900 427 977 morulae,·somni,
452 901 659 976 distractionis,
681 910 735 961 etc.
757 899 926 981 adfuerint,

150 1005 234 1074 prout
247 1005 314 1054 sunt
327 1014 421 1055 coram
442 995 521 1070 Deo,
543 1004 654 1056 tantum
672 996 876 1072 interrogando
889 996 926 1059 de

149 1090 284 1167 temporis
298 1087 447 1147 duratione
461 1090 490 1148 in
511 1098 634 1168 peccato.
656 1088 744 1148 Secus
767 1092 790 1149 si
813 1084 925 1152 malum

46 1234 54 1269 :
149 1184 325 1263 propositum
341 1181 426 1242 luerit
439 1191 606 1261 conceptum
623 1201 672 1263 per
687 1181 781 1255 duos,
803 1183 849 1244 rel
870 1194 926 1246 tres

150 1273 211 1337 dies
222 1286 288 1337 ante
298 1279 573 1338 consummationem
587 1278 712 1357 peccati,
726 1287 754 1336 et
764 1276 839 1338 intra
852 1278 926 1340 illud

150 1379 262 1451 tempus
277 1391 335 1431 non
352 1372 435 1431 luerit
452 1381 653 1447 retractatum,
671 1375 738 1451 quia
755 1382 823 1433 lunc
835 1378 928 1436 sumi-

151 1474 197 1525 tur
209 1486 259 1544 pro
272 1485 331 1525 uno
341 1484 460 1525 numero
472 1476 617 1546 peccatum
630 1487 638 1537 3
655 1464 721 1525 vide
732 1465 806 1527 dicta
818 1470 894 1529 ibid.

189 1559 228 1618 Se
242 1559 399 1639 polluentes
414 1563 620 1638 interrogentur
637 1562 723 1620 etiam
746 1559 783 1620 de
800 1550 925 1631 tactibus

151 1652 303 1733 impudicis
313 1657 471 1735 separation
485 1654 706 1734 pollutionibus,
716 1664 744 1714 et
753 1665 927 1719 moueantur

149 1766 197 1806 eos
213 1768 273 1807 esse
286 1749 428 1808 mortales.
457 1750 529 1808 Item
545 1751 771 1826 interrogentur,
791 1768 828 1809 an
850 1772 928 1813 con-

149 1844 306 1922 cupierint,
326 1843 370 1902 vel
386 1862 422 1902 an
440 1841 569 1903 delectati
585 1843 690 1903 fuerint
703 1843 739 1902 de
754 1843 855 1923 copula
875 1866 927 1908 co-

37 1960 44 1995 .=
149 1937 234 2014 gitata
250 1956 316 1996 cum
331 1937 447 2016 aliqua,
464 1935 509 1996 vel
525 1936 654 2017 pluribus
669 1937 857 2012 mulieribus,
873 1950 928 2003 aut

150 2031 267 2112 pueris?
282 2042 349 2094 tunc
363 2034 440 2092 enim
455 2041 496 2091 tot
511 2043 621 2111 peccata
637 2030 768 2092 distincta
784 2038 928 2098 commit-

118 2148 121 2153 ·
150 2135 224 2187 tunt.
239 2127 310 2187 Item
322 2127 452 2199 adverte,
467 2125 545 2205 quod
555 2129 578 2185 si
590 2129 654 2205 quis
661 2128 747 2186 coiret
755 2128 829 2186 inter
839 2148 926 2211 cmm

151 2230 201 2280 aut
222 2222 336 2282 brachia
355 2220 503 2293 mulieris,
532 2229 631 2300 preter
653 2229 799 2300 peccatum
822 2214 925 2288 contra

149 2321 298 2387 naturam,
312 2317 499 2374 committeret
512 2313 727 2374 fornicationem
738 2314 924 2394 inchoatam,

150 2410 211 2468 sive
224 2406 407 2482 effectivum,
431 2418 463 2469 ut
480 2406 579 2467 dicunt
601 2410 792 2468 communiter
810 2410 926 2475 Filiae.

151 2500 301 2560 Tambnr.
328 2502 508 2573 Holzmun,
529 2503 661 2575 Spem,
679 2512 736 2559 etc.
756 2503 821 2572 <2):
841 2501 925 2564 unde

149 2591 196 2651 liic
213 2591 270 2651 duo
285 2603 406 2672 patraret
427 2602 537 2673 peccata
552 2592 670 2652 diversae
683 2595 804 2673 speciei,
825 2586 923 2660 urium

151 2694 246 2746 contra
256 2696 386 2746 naturam
398 2689 426 2745 in
435 2687 534 2748 effectu
543 2731 551 2761 ,
560 2686 680 2747 alterum
689 2688 883 2750 fornicationis
891 2695 924 2754 in

150 2777 264 2840 affectu.
286 2780 367 2840 Circa
382 2790 477 2841 autem
496 2790 607 2862 peccata
621 2784 776 2859 conjugum
792 2796 923 2863 respectu

26 2854 31 2869 ’
102 2907 104 2912 -
151 2873 188 2934 ad
203 2874 330 2936 debitum
344 2875 490 2952 maritale,
505 2874 646 2937 ordinarie
661 2874 927 2958 loquendo,Con·

183 3064 223 3121 (Ι)
241 3062 321 3112 Num.
338 3064 381 3113 36.

181 3155 220 3218 (a)
236 3152 292 3207 Lib.
309 3157 341 3220 ὅ,
357 3170 433 3207 num.
446 3161 504 3222 tto.
515 3172 540 3213 t·
551 3156 698 3220 Primam,
708 3154 860 3213 intractu.
872 3157 921 3220 ΙΙΙ.
