1956 3608
106 219 161 281 160
320 230 425 275 raaxrs
440 201 645 287 currussrru.

101 334 228 384 catorum
238 361 249 396 ,
258 322 344 381 etiam
354 340 420 382 curn
432 321 572 401 suaculpa
585 342 592 391 ;
603 341 662 381 uon
676 328 787 381 tenetur
795 320 882 406 Ceu-¹

101 415 233 476 fessarius
246 432 366 475 errorem
386 411 465 471 illum
481 411 634 473 emendare
649 421 728 473 extra
746 411 874 471 Confes-

100 511 233 579 siouem,
250 508 318 584 quia
338 508 367 564 iu
386 504 440 565 hoc
456 506 536 566 adest
551 524 661 585 semper
678 507 874 565 erubescentia

102 599 287 671 Poeniteutis,
305 596 376 657 dum
397 598 479 659 audit
495 619 591 659 rursus
608 598 663 659 sibi
685 617 736 658 sua
756 607 874 678 peccata

100 694 280 753 rememorari
295 695 351 761 (r).
365 692 397 751 si
410 712 475 752 vero
484 712 518 752 eir
529 712 580 753 sua
591 692 718 766 malitia,
730 691 778 754 rei
790 695 880 770 iguo·.

100 789 199 847 rantia-
210 785 346 864 culpabili
364 788 499 845 exemerit
520 785 707 845 Poeniteutem
723 789 875 846 a-restitu·

99 883 195 953 tione,
208 890 259 939 aut
273 877 310 957 ad
326 878 404 939 iiiam
419 883 526 955 injuste
541 879 727 956 obligaverit,
743 889 813 941 tune
827 891 875 939 te-

98 983 184 1033 netur
196 992 263 1032 eum
279 992 412 1046 mouere,
431 975 544 1032 obtenta
561 976 639 1052 prius
653 973 787 1040 lieentiaz
803 973 876 1033 alias

99 1076 209 1126 tenetur
230 1068 290 1144 ipse
310 1065 348 1125 ad
366 1069 582 1126 restitutionem.
605 1067 636 1126 si
652 1079 749 1128 autem
772 1070 802 1127 in
820 1068 874 1130 hoc

99 1179 213 1238 gravem
238 1159 351 1238 cuipam
378 1179 436 1220 non
459 1163 654 1234 commiserit,
675 1180 735 1221 nou
760 1172 875 1223 tenetur

99 1272 214 1314 monere
231 1272 297 1312 cum
319 1255 397 1330 gravi
418 1273 470 1312 suo
490 1254 681 1314 incommodo.
705 1257 833 1333 Verum,
847 1259 873 1314 si

99 1349 207 1425 absque
238 1367 290 1406 suo
314 1352 393 1423 gravi
417 1348 598 1408 incommodo
627 1359 720 1428 posset
744 1370 873 1430 reparare

100 1459 245 1512 errorem,
271 1449 378 1498 ernon
401 1439 526 1522 faceret,
555 1450 623 1499 turre
645 1443 732 1500 etiam
761 1451 874 1502 terretur

99 1533 135 1595 ad
151 1535 365 1593 restitutionem.
384 1533 533 1612 Denique,
551 1535 574 1592 si
587 1534 784 1594 Coniessarius
795 1539 873 1597 omi-

99 1629 164 1687 serit
175 1628 329 1687 admouere
344 1627 530 1687 Poeniteutem
545 1627 581 1687 de
594 1631 789 1703 restitutione,
813 1650 873 1690 uun

99 1733 210 1783 tenetur
224 1727 284 1801 ipse
299 1727 463 1795 restituere,
479 1725 613 1802 quamvis
627 1733 699 1782 esset
715 1723 872 1802 parochus,

97 1827 125 1876 et
145 1819 256 1875 etiamsi
277 1835 392 1892 gravem
412 1816 524 1893 cuipam
549 1818 578 1874 in
597 1815 650 1876 hoe
673 1821 872 1901 commisisset.

97 1911 173 1972 Vide
189 1910 292 1970 librum
304 1911 351 1985 (a)
362 1913 393 1969 in
407 1930 465 1988 quo
478 1909 603 1970 discussa
620 1920 688 1971 sunt
699 1910 763 1972 haec
774 1917 871 1974 omnia

95 2026 161 2065 cum
177 2006 236 2064 suis
249 2005 427 2077 rationibus,
444 2014 472 2064 et
486 2007 701 2066 auctoritatibus
713 2005 785 2065 DD.

142 2117 208 2177 ¹¹7·
236 2098 292 2156 111.
318 2098 412 2171 Debet
438 2118 553 2177 quoque
583 2099 784 2158 Confessarius
811 2118 872 2161 esse

38 2216 50 2231 ‚
97 2212 209 2251 summe
229 2190 353 2270 prudens
366 2193 396 2248 in
408 2191 592 2251 custodiendo
605 2186 694 2269 sigillo
708 2213 872 2255 sacramen·

97 2286 155 2346 rati.
179 2285 245 2344 Jam
269 2294 392 2358 notum,
419 2294 447 2344 et
468 2296 576 2347 certum
593 2297 634 2345 est
653 2286 730 2364 quod
749 2289 871 2349 Confes-

96 2380 186 2443 sarius
206 2397 355 2456 nunquam
370 2389 461 2458 potest
477 2380 552 2460 ioqui
567 2381 603 2440 de
619 2383 653 2440 iis
668 2401 733 2458 quae
747 2383 777 2440 in
790 2383 870 2442 Cou-

97 2481 218 2540 fessiona
237 2474 366 2550 audivit,
383 2479 492 2554 quoties
513 2476 595 2536 adest
614 2476 772 2554 perieulum
787 2497 871 2537 reve·

95 2572 208 2631 lationis
222 2568 304 2644 sigilli
317 2567 443 2635 (directe
458 2568 503 2626 vei
518 2566 689 2642 indirecte),
705 2578 755 2629 aut
769 2588 870 2648 grava·

97 2665 183 2723 minis
199 2660 364 2718 Prenitentis
376 2678 383 2728 3
399 2669 429 2718 et
442 2658 495 2718 buc
510 2663 597 2719 currit
611 2662 725 2721 etiamsi
737 2658 870 2723 tantum-'-

1 2820 2 2830 χ
98 2751 183 2813 modo
198 2749 309 2811 dubitet
322 2759 417 2808 utrum
437 2769 470 2810 ea
489 2754 518 2810 in
535 2754 869 2832 contessioneaudierit,

99 2848 145 2908 vel
164 2865 221 2906 non
238 2885 248 2918 ,
268 2853 318 2903 aut
343 2845 373 2901 in
395 2842 494 2903 ordine
514 2843 551 2903 ad
572 2845 787 2905 confessionem
811 2850 879 2921 (3),·

98 2942 306 3000 Verumtamen
321 2955 379 2995 uun
403 2935 565 3015 prohibetur
584 2936 781 2998 confessarius
806 2960 869 3001 ser-

131 3065 167 3122 (ι)
187 3062 256 3120 1,.6,
276 3065 420 3112 num-620.
557 3066 594 3127 (a)
614 3064 693 3115 Num.
706 3067 766 3118 621.

129 3146 167 3207 (ὅ)
186 3145 214 3196 L.
227 3146 242 3195 6
250 3177 261 3211 ,
277 3157 353 3195 uum.
365 3144 423 3201 636.
