1956 3614
147 220 207 282 252
368 238 471 281 rnaxrs
492 204 704 279 conmissurus.n

146 323 285 384 desideria
300 345 350 385 sua
366 325 494 384 cohibeat
511 345 518 394 ;
536 336 564 383 et
581 327 618 383 ab
638 328 765 384 oratione
780 343 841 383 non
863 318 917 383 dis«

146 418 327 494 cedendum,
352 421 405 477 nisi
427 417 535 497 aliquid
554 422 583 478 in
601 418 761 498 particulari
780 417 920 479 delibera·

148 520 209 571 turn
230 514 275 570 sit.

110 674 114 681 .
182 602 920 675 224.Demum‚conclnsioorationistribusactibus

145 699 323 757 terminatur.
343 719 367 755 1.
393 697 498 757 Gratiae
516 700 576 755 Deo
590 707 714 773 aguntur
733 697 770 754 de
785 698 920 756 omnibus

142 790 380 851 illustrationibus
394 812 458 871 quae
471 794 500 849 in
514 791 696 850 meditatione
709 801 833 870 accepta
844 801 920 851 sunt.

144 908 174 946 a.
190 885 466 966 Proponituronines
475 885 690 945 deliberationes
701 883 791 944 factas
803 885 919 946 fideliter
957 914 959 919 ⁴

146 981 305 1041 observare.
329 982 357 1041 3.
383 980 488 1039 Oretur
501 990 622 1039 aeternus
638 979 741 1052 Pater,
763 989 796 1037 ut
807 990 922 1060 propter

144 1074 242 1135 Jesurn
259 1084 287 1133 et
303 1070 425 1134 Mariam
446 1074 585 1134 auxilium
606 1094 690 1133 suum
711 1074 860 1152 praebeat,
887 1073 921 1134 ad

146 1169 268 1231 lideliter
281 1168 494 1250 exsequendum
511 1168 588 1249 qood
605 1172 630 1228 ei
652 1188 790 1247 sponsum
805 1178 859 1227 est.
888 1170 922 1228 Et

146 1267 177 1323 in
193 1264 251 1323 line
264 1284 347 1324 orans
359 1263 539 1324 commendet
552 1264 613 1322 Deo
626 1266 738 1322 animas
750 1264 920 1340 purgatorii,

146 1355 277 1437 praelalos
293 1356 435 1423 Eectesiae,
451 1365 629 1434 peccatores,
642 1365 670 1414 et
678 1373 777 1414 omnes
790 1356 844 1412 sibi
857 1374 924 1414 con·

148 1454 278 1533 junctos,
301 1453 426 1522 amicos,
445 1448 654 1522 benefactores,
674 1447 818 1508 recitando
834 1436 923 1507 semel

147 1547 261 1620 Pater,
288 1553 316 1602 et
345 1546 426 1620 Ave,
452 1562 517 1623 quae
536 1553 604 1603 sunt
629 1546 757 1602 omnium
782 1561 923 1619 precum,

150 1658 259 1719 quasa
286 1637 401 1699 Christo
424 1647 452 1698 et
476 1635 600 1698 Ecclesia
628 1636 702 1697 docti
724 1655 846 1710 sumus,
870 1637 925 1695 uti·

152 1732 279 1793 lissimae.

192 1828 259 1888 225.
283 1828 447 1907 Antequam
469 1829 622 1887 tamenab
644 1828 772 1887 oratione
786 1836 924 1896 exeatur,

151 1931 259 2000 oportet
285 1925 297 1990 (
306 1931 336 1981 ut
350 1925 390 1981 ait
402 1922 434 1981 S.
452 1922 618 1983 Franciscus
633 1921 781 1991 Salesius)
797 1920 925 1995 colligere

150 2015 297 2077 fasciculos
322 2017 448 2093 florum,
475 2028 507 2076 ut
529 2025 618 2077 totum
641 2016 717 2074 diem
733 2015 773 2074 illi
799 2015 926 2088 ulfiam,

151 2115 290 2172 nimirum
303 2114 417 2189 seligere
431 2114 602 2191 praecaeteris
618 2131 725 2183 unam,
745 2109 791 2167 vel
807 2109 927 2169 alteram

151 2225 230 2277 rem,
253 2209 282 2264 in
300 2227 356 2285 qua
373 2210 468 2265 anima
488 2208 577 2282 magis
594 2209 701 2265 moveri
715 2207 821 2276 sensit,
838 2214 870 2262 ut
885 2223 928 2262 re-

152 2301 264 2381 liquum
284 2299 338 2360 diei
355 2300 436 2360 illam
454 2303 595 2378 recogitet.
618 2322 646 2360 2.
676 2301 796 2379 Oportet
811 2318 927 2377 operam

154 2393 221 2454 dare
237 2397 376 2454 utstatim
391 2397 563 2454 exsecutioni
580 2391 697 2453 mandet
710 2392 927 2450 deliberationes

153 2491 260 2562 factas,
276 2500 334 2549 taur
350 2493 379 2550 in
394 2494 491 2570 parvi,
509 2509 595 2568 quam
613 2489 708 2564 magni
724 2488 862 2544 momenti
878 2506 928 2544 oc-

156 2586 338 2658 canonibus,
352 2604 416 2663 quae
430 2585 512 2642 nobis
529 2592 689 2655 occurrent,
707 2600 742 2640 ex
760 2600 801 2656 gr.
816 2590 929 2657 superet

155 2698 220 2740 cum
246 2677 466 2736 mansuetudine
487 2677 628 2737 molestias
648 2697 712 2756 quae
726 2676 779 2733 sibi
798 2675 928 2733 inferun-

156 2786 203 2835 tur
216 2774 253 2834 ab
267 2775 363 2852 aliquo
377 2777 407 2832 in
422 2793 451 2832 se
466 2777 504 2834 ira
524 2793 674 2833 succenso:
690 2781 740 2831 aut
755 2781 787 2829 ut
801 2789 830 2828 se
849 2789 929 2827 mor·

156 2871 244 2931 tificet
257 2873 287 2928 iu
299 2873 379 2943 visu,
395 2868 493 2928 auditu
506 2912 514 2941 ,
529 2872 558 2926 in
571 2865 723 2945 loquendo.
741 2866 777 2923 Et
789 2866 928 2943 precipue

157 2967 241 3025 relert
263 2976 293 3024 ut
315 2985 380 3024 cum
399 2965 529 3037 silentio,
555 2972 695 3043 quantum
713 2959 846 3040 possibile
864 2968 930 3033 est,

158 3071 303 3120 conservet
317 3059 377 3118 illos
387 3062 475 3119 animi
488 3063 547 3138 pios
560 3069 653 3117 motus
666 3055 842 3126 affectuum,
858 3072 928 3132 quos

158 3162 188 3217 in
203 3156 326 3215 oratione
344 3155 423 3216 Deus
437 3158 463 3214 ei
476 3155 699 3217 communicavit
712 3172 719 3224 3
734 3149 884 3228 alioquin,
906 3150 926 3207 si
