1956 3608
99 275 102 279 ,
237 211 263 290 5.
278 192 322 271 nn.
344 226 430 273 cunct
445 228 559 270 mosera
574 229 734 271 orricium.
826 214 868 293 ⁸0

104 321 195 394 mias,
219 328 269 378 aot
290 317 415 379 fraudes.
439 319 469 381 3.
491 318 545 390 itte,
564 322 621 403 qni
635 321 666 379 in
687 318 785 399 aliqua
802 337 874 378 carr-

90 432 176 491 -pona
193 421 243 472 ant
257 410 342 473 domo
358 432 432 494 saepe
451 432 480 473 se
497 413 702 487 inebriaverit,
725 419 778 472 ant
797 411 875 472 ceci-
975 452 978 496 t

104 503 175 565 derit
186 508 214 564 in
228 508 321 581 rixas,
337 505 383 567 vel
394 514 493 583 actua,
505 508 612 581 verba,
624 515 674 567 ant
688 505 874 584 cogitationes

103 600 248 659 obscenas.
276 599 365 660 Porro
385 617 487 660 omnes
505 601 552 659 isti
573 598 681 660 absolvi
702 608 872 679 nequeunt,

101 693 155 752 nisi
168 702 321 773 postquam
329 695 505 754 occasionem
517 691 699 779 abstulerint,
712 701 761 752 ant
770 691 872 753 saltem

101 786 154 844 nisi
176 785 293 846 'anferre
315 788 507 865 promittant,
548 788 628 862 juxta
661 783 872 846 distinctionem

100 896 163 958 qnae
180 877 231 939 fiet
246 881 277 938 in
298 896 421 939 numero
435 879 631 958 subsequenti.
659 878 696 937 Et
711 880 750 936 ita
769 879 874 957 pariter

99 989 158 1031 non
170 981 263 1051 potest
273 970 382 1032 absolvi
393 973 442 1052 qni
453 971 581 1052 aliquam
593 970 712 1032 domum
723 968 873 1047 adeundo,

99 1066 236 1143 quamvis
253 1064 340 1126 semei
362 1067 393 1127 in
413 1084 507 1141 anno,
528 1084 646 1147 sempe
658 1065 698 1124 ibi
719 1065 872 1144 peccarim

95 1157 163 1217 talis
178 1161 257 1220 enim
276 1158 371 1219 aditus
389 1161 448 1237 jam
465 1160 519 1239 ipsi
540 1161 668 1238 proxima
687 1167 731 1218 est
753 1160 872 1221 occasio.

98 1250 159 1314 Nec
176 1254 263 1313 etiam
278 1251 388 1312 absolvi
412 1262 533 1332 possunt
548 1255 622 1331 qni,
642 1253 754 1313 tametsi
774 1253 805 1311 in
821 1271 873 1312 oc-

98 1345 212 1405 casione
227 1345 308 1425 positi
324 1363 382 1404 non
393 1334 547 1418 labuntur,
562 1342 687 1405 afferunt
697 1354 794 1407 tamen
807 1344 872 1406 aliis

98 1456 183 1515 grave
199 1435 364 1499 scandatum
389 1443 446 1512 (r).
475 1437 596 1500 Addunt
614 1437 705 1519 aliqui
727 1439 797 1500 DD.
822 1444 869 1514 (a)

97 1529 258 1609 negandam
278 1551 394 1612 quoqne
416 1530 626 1594 absolutionem
649 1532 691 1593 iili
716 1537 767 1613 qni
789 1555 871 1595 occa·

98 1626 206 1684 sionem
224 1633 373 1686 externam
399 1643 456 1685 non
483 1635 632 1701 removet,
659 1629 768 1687 sicum
789 1649 873 1690 orca·

100 1719 179 1778 sione
191 1716 376 1797 conjungitur
398 1716 513 1779 habitus
534 1719 676 1791 vitiosus,
696 1728 747 1779 ant
765 1739 870 1797 magna

97 1814 235 1890 tentatio,
256 1831 307 1871 sen
323 1811 479 1872 vehemens
494 1813 607 1891 passio,
630 1814 764 1894 quamvis
779 1833 871 1894 nsque

98 1912 164 1964 tnnc
180 1905 259 1964 inea
275 1905 421 1965 occasione
436 1924 586 1984 nunqnam
604 1909 760 1986 peccaverit
774 1927 782 1978 ;
799 1927 869 1969 nam

95 1996 177 2060 facile
191 1996 295 2057 deinde
310 2015 424 2078 peccare
437 1999 562 2076 poterit,
581 1999 604 2056 si
620 1999 658 2058 ab
673 2003 818 2061 oocaoione
837 2023 868 2064 se

96 2096 155 2150 'non
177 2093 328 2150 amoverit.
358 2090 433 2152 Hinc
457 2088 555 2151 dicunt
579 2089 658 2170 qnod
685 2094 710 2151 si
737 2113 868 2173 unquam
969 2124 976 2183 ¹:

96 2182 191 2264 aliqua
217 2183 326 2247 samnia·
352 2192 508 2246 tentaretur
527 2185 566 2247 ab
593 2183 680 2262 hero,
706 2194 736 2249 et
754 2188 869 2267 ipsa'se

97 2280 208 2339 noverit
217 2277 330 2341 facilem
342 2277 380 2339 ad
392 2277 546 2339 labendum
557 2321 567 2355 ,
578 2281 658 2342 abea
669 2279 756 2343 domo
766 2284 869 2346 absce-

96 2368 161 2432 dere
178 2379 310 2447 tenetur,
324 2373 352 2430 si
372 2370 523 2432 commode
542 2381 656 2451 potest3
674 2373 801 2455 alioquin
822 2386 868 2438 te-

97 2485 171 2527 mere
190 2476 371 2546 prnsumeret
384 2485 414 2527 se
427 2464 555 2533 securam
566 2464 687 2538 habere.
705 2469 742 2528 Et
754 2469 801 2530 hic
820 2493 867 2533 oa·

97 2569 183 2620 veant
203 2558 374 2621 Confessarii
394 2581 411 2623 n
431 2559 620 2640 permittendo
635 2565 746 2640 sponsis
765 2563 866 2627 domoa'

98 2672 264 2734 sponsarum
274 2653 372 2733 adire,
384 2664 413 2716 et
424 2654 690 2737 puelliseammqne
702 2663 866 2737 parentibus

99 2765 215 2828 sponsos
233 2751 263 2808 in
277 2748 396 2810 domum
416 2747 585 2827 admittere,
604 2753 671 2831 qnia
691 2772 753 2813 raro
770 2759 867 2816 evenit

99 2841 173 2921 qnod
184 2843 252 2905 tales
262 2844 358 2925 sponsi
370 2862 430 2905 non
438 2841 591 2919 labantur,
607 2844 707 2904 saltem
720 2847 749 2904 in
760 2848 865 2924 veria,

104 3068 111 3089 ,
130 3031 167 3091 (r)
186 3029 241 3080 Lib.
255 3033 286 3090 6,
307 3045 382 3082 num.
395 3033 459 3094 452,
478 3043 543 3081 vers.
555 3027 594 3081 Ex
607 3026 755 3095 premissis.

130 3126 167 3189 (a)
184 3121 294 3181 ibidem.

962 1124 976 1265 r

956 1274 969 1455 i

955 1458 966 1841 i

961 1904 973 2057 i

967 2060 975 2121 t
