1956 3608
167 184 208 249 50
388 194 493 242 enixus
515 200 719 242 conressunu.

166 292 207 352 illi
224 288 400 365 interfuerit,
425 289 614 353 nihilominus
627 294 689 351 sine
706 296 781 370 juste
802 314 888 358 eausa
911 302 938 359 in

165 385 323 467 perieulum
342 383 415 443 illud
435 384 585 445 omittendi
603 405 633 445 se
648 387 763 463 injecit,
782 397 811 447 et
831 388 870 450 de
889 391 938 453 boc

165 478 251 541 rudes
267 498 327 538 non
342 497 372 537 se
386 487 531 541 aoeusaut.
552 479 625 539 item
641 482 665 539 sl
683 479 830 542 Poenitens
847 504 879 545 se
892 506 939 547 ae·

165 573 276 634 cusabit
297 591 408 632 ssorum
431 568 583 647 omisisse,
609 575 759 651 interroget
778 570 815 635 de
835 598 938 655 cause,

164 685 204 726 nn
218 673 331 746 propter
345 667 564 737 neoessitstem3
589 675 622 726 ut
636 665 739 728 eccidit
757 667 876 731 lumnlis
892 672 938 752 qui
955 664 958 671 ’

113 752 123 775 ‘
164 778 225 820 non
239 769 360 841 possunt
374 778 486 837 gregem
501 758 717 840 derelinquere,
737 770 787 821 out
802 765 937 825 matribus

108 791 140 983 ζ
165 870 230 933 quse
248 849 327 913 domi
349 871 408 911 non
426 860 547 931 possunt
571 850 730 933 relinquere
746 870 871 932 pueros,
891 864 938 917 sul

164 948 324 1023 coniunctis
338 947 388 1026 qui
405 965 464 1005 non
482 953 603 1024 possunt
618 944 778 1025 relinquere
793 948 937 1023 infimos,

164 1048 215 1099 eut
239 1037 439 1098 itinerantibus
461 1038 512 1117 qui
539 1057 598 1096 non
622 1049 743 1117 possunt
763 1061 781 1100 a
804 1045 937 1105 comitutu

98 1158 110 1191 u
163 1129 291 1211 disjungi
304 1132 460 1208 sinegravi
479 1129 682 1207 incommodo,
706 1142 740 1194 ut
758 1144 835 1195 esset
848 1137 938 1207 subire
968 1180 976 1203 .

80 1196 107 1295 ζ,
163 1226 324 1308 perieulum
345 1223 424 1306 quod
446 1224 661 1305 expolientura
686 1224 866 1307 latronibus,
891 1232 939 1291 'sut

99 1300 122 1399 ,εἴ
163 1323 359 1393 uiamerrent,
377 1320 400 1379 si
409 1317 462 1379 soli
473 1326 610 1398 pergant,
624 1328 678 1379 ete.
691 1319 762 1396 (r);
778 1320 939 1385 antecellit

94 1406 99 1413 ’
119 1442 129 1481 r
163 1412 251 1474 alicui
263 1415 315 1494 qni
329 1421 422 1472 vestes
436 1431 466 1471 se
479 1410 611 1471 decentes
628 1431 687 1471 non
701 1411 824 1490 habnt,
838 1416 940 1497 quibus

120 1500 126 1567 ἔ
164 1511 196 1567 in
211 1506 329 1569 eeclesia
343 1505 476 1567 decenter
490 1514 651 1585 compareat
666 1512 723 1579 (a).
906 1570 909 1575 ,

204 1602 254 1664 33.
278 1599 384 1680 Quoad
406 1620 489 1679 opera
511 1609 609 1661 autem
632 1600 745 1661 seruilia
765 1621 831 1681 quae
848 1604 879 1669 in
898 1602 941 1669 die

162 1698 268 1759 festivo
290 1694 496 1776 prohibentur,
518 1695 671 1770 interroget
690 1696 712 1753 si
736 1694 879 1759 laborauit
897 1694 940 1757 die

162 1792 236 1855 festo
246 1789 260 1851 i
271 1800 300 1850 et
311 1793 332 1849 si
344 1789 389 1848 ille
397 1784 536 1859 affirmat,
547 1789 751 1866 interrogetur,
767 1800 939 1869 noeentum

165 1887 300 1965 temporis
320 1883 460 1945 laboravit
479 1882 493 1942 ‘u'
511 1891 539 1942 et
560 1882 710 1962 quodnam
732 1882 837 1946 laboris
853 1903 940 1962 genus

164 1977 317 2040 exercuit?
338 1977 415 2039 Nam
437 1974 597 2038 secundum
619 1977 846 2038 communiorem
874 1998 940 2043 sen-

164 2076 305 2150 tentiam,
330 2072 467 2133 Doctores
488 2074 534 2144 (ὃ)
559 2079 735 2133 excusante
759 2071 839 2146 graui
862 2070 940 2137 labo·

164 2179 279 2230 rentem
299 2185 388 2226 unam
405 2163 531 2235 horam.,;
550 2166 608 2225 imo
629 2165 677 2227 alii
692 2162 851 2228 admittunt
872 2163 940 2247 quid

165 2260 314 2341 amplius,
339 2258 441 2318 saltem
456 2260 481 2316 si
503 2256 583 2319 labor
602 2267 646 2319 eut
663 2256 700 2321 de
719 2277 749 2319 se
768 2257 864 2335 leuis,
891 2268 940 2323 ant

166 2354 248 2416 adest
263 2352 359 2434 aliqua
372 2372 456 2413 eausa
469 2351 632 2414 notabilior.
646 2352 679 2413 si
688 2360 785 2435 ⁴autern
795 2351 940 2417 Poenitens

164 2449 317 2512 confitetur
340 2447 482 2508 laborasse
500 2443 656 2525 aliquando
678 2445 763 2524 plus,
785 2445 938 2527 aliquando

163 2544 284 2615 uulnus,
311 2543 496 2616 interrogetur
517 2540 627 2616 quoties
648 2536 789 2599 laborauit
808 2535 937 2615 iudicans

164 2631 292 2693 laborare
307 2635 338 2692 in
354 2634 473 2693 materis
491 2633 571 2708 gravi
586 2628 599 2691 i
612 2629 665 2691 sed
679 2651 751 2712 opus
763 2641 806 2691 est
819 2642 854 2693 ut
872 2651 936 2699 eum

165 2725 283 2802 doceat,
313 2725 440 2786 laborare
463 2745 512 2804 per
536 2724 654 2803 longum
682 2735 820 2805 tempus,
851 2728 935 2793 etiarn

165 2821 296 2898 occulte,
320 2830 348 2881 et
362 2822 452 2881 animi
467 2819 585 2896 solutio,
606 2823 758 2899 aegrotis,
777 2822 865 2885 ettam
877 2836 937 2881 esse

112 986 123 1005 ,ε

110 1008 117 1025 l'

197 3013 379 3081 (t)T0m.1,
398 3013 484 3079 ube,
501 3031 529 3068 n.
542 3019 600 3076 κισ.
669 3018 707 3081 (a)
724 3014 886 3091 numm
959 3002 962 3008 ⁴

196 3109 238 3173 β)
254 3108 282 3161 L.
295 3107 325 3171 3,
344 3123 419 3159 nuru.
429 3106 488 3161 30⁵.
