1956 3608
200 222 228 296 §.
238 240 260 282 r.
272 236 395 281 stortura
404 234 445 281 tn
453 237 654 282 stcsnoornsr
666 240 775 283 assrsr.
814 228 873 289 255

105 328 289 405 Sacerdotes,
304 329 356 390 boc
371 349 477 389 munus
488 331 669 405 exercendo,
688 335 777 408 magis
787 354 875 413 qoam

106 422 239 496 utilitati,
253 421 360 483 damno
369 441 431 480 esse
442 421 552 497 solent,
565 433 625 483 lam
636 424 776 501 infirmis,
787 444 875 504 qoam

87 518 179 591 sibi,
195 525 223 575 el
233 517 413 576 infirmorum
425 513 607 590 domesticis,
629 538 751 596 quomm
770 519 876 598 prolec-

104 620 165 671 tum
192 609 322 670 sacerdos
347 611 484 669 assistens
509 612 595 668 etiam
625 614 758 689 respicere
783 612 876 675 debet.

103 706 204 766 Monet
220 708 336 785 insuper
353 703 487 779 situatis,
513 703 591 783 quod
609 707 630 763 si
649 704 785 765 Sacerdos
805 707 876 768 lorte

106 799 234 874 deesset,
247 799 276 859 id
292 798 435 859 Parochus
450 798 642 880 praestandum
655 800 764 860 curabit
775 802 874 861 saitem

103 914 152 975 per
163 892 290 985 aliqpem
305 894 408 954 laicum
431 895 510 974 pium
530 904 557 953 et
571 893 724 954 christiana
740 893 876 956 charitate

103 989 272 1070 preditum,
289 992 339 1068 qui
351 991 455 1050 sanctis
466 990 561 1051 verbis
573 989 688 1050 infirmo
702 998 804 1069 praesto
814 992 860 1051 sit.

140 1178 168 1250 §.
182 1178 208 1236 1.
231 1178 349 1238 Monitn
368 1178 411 1236 od
425 1177 620 1236 Sacerdotem
635 1177 835 1236 assistentem.

143 1367 214 1426 229.
228 1348 251 1406 l.
265 1346 420 1406 Succnoos
432 1344 506 1406 clam
521 1356 649 1425 procuret
659 1367 675 1407 a
687 1345 796 1407 medico
805 1352 876 1409 scire

99 1462 137 1502 an
147 1441 299 1507 infirmitas
309 1442 344 1499 sit
358 1439 496 1499 mortalis.
514 1441 585 1501 Dico
595 1442 695 1514 ctam,
710 1441 877 1520 quiadetes·

100 1534 194 1597 labilis
206 1555 274 1594 usus
290 1533 462 1592 medicorum
478 1544 538 1605 est,
553 1545 669 1609 aegrotos
680 1535 809 1615 decipere
820 1579 828 1611 ,
839 1556 877 1597 ne

101 1649 148 1689 eos
161 1639 189 1688 et
203 1631 376 1708 propinquos
387 1627 573 1697 contristent,
588 1646 661 1701 pene
670 1647 704 1686 ac
717 1631 740 1685 si
754 1631 877 1689 infirmis

101 1724 300 1798 obligationem
314 1721 449 1780 intimare
463 1718 649 1780 confessionis
664 1723 794 1798 (quam,
809 1743 881 1798 cog-

99 1822 160 1878 nito
176 1816 320 1898 periculo,
336 1815 391 1874 illis
407 1818 554 1894 imponere
568 1812 675 1874 debent
687 1823 723 1890 ),
746 1812 822 1874 idem
840 1819 877 1876 sit

100 1934 134 1976 ec
150 1922 268 1972 mortem
283 1910 463 1970 denuntiare.

141 2010 210 2066 230.
220 2009 258 2065 ll.
272 2006 484 2079 Aconjunctis,
497 2005 614 2076 amicis,
628 2022 739 2063 necnon
751 2006 788 2064 ab
799 2005 876 2084 ipso-

100 2107 160 2157 met
174 2106 290 2168 agroru.
305 2098 367 2172 ejus
382 2105 535 2167 naturam,
551 2094 696 2167 indolem,
709 2105 736 2154 et
750 2095 877 2157 desectus

101 2192 245 2272 perquirat
267 2213 275 2249 t
304 2193 369 2249 item
388 2190 494 2269 quibus
512 2188 662 2248 indulserit
675 2192 877 2269 passionibus,

102 2296 129 2346 et
146 2287 298 2363 praesertim
320 2286 343 2341 si
362 2283 399 2341 ad
413 2284 540 2361 aliquam
557 2286 697 2344 bonorum
718 2295 769 2345 aut
790 2286 876 2347 t'amae

101 2383 308 2441 restitutionem
333 2386 462 2436 teneatur
487 2380 541 2434 :si
564 2378 662 2437 odium
687 2389 736 2437 aut
757 2400 876 2456 pravam

101 2476 234 2536 habuerit
244 2475 397 2533 amicitiam
408 2516 417 2545 ,
429 2478 459 2529 ul
467 2473 601 2530 omnibus
609 2480 800 2551 opportunum
811 2493 878 2551 pree·

102 2573 168 2630 bere
183 2572 269 2648 possit
282 2556 453 2628 remedium.
471 2567 581 2626 Caveat
593 2586 751 2627 memorare
761 2567 878 2630 infirmo

103 2683 237 2744 personas
259 2662 326 2723 odio
344 2660 477 2736 habitas,
506 2673 556 2721 aut
568 2665 679 2743 impure
693 2661 831 2737 dilectas,
853 2667 876 2723 si

104 2759 208 2821 adhoc
226 2778 261 2818 ex
280 2761 446 2818 necessitate
460 2778 518 2817 non
533 2760 733 2835 obstringetur.
760 2759 876 2818 Vulne-

105 2864 201 2929 ratos,
219 2865 369 2935 postquam
385 2854 522 2935 quicquid
541 2853 577 2913 ad
599 2856 792 2912 remissionem
813 2871 878 2929 per·

106 2953 175 3011 tinet
195 2953 340 3030 prouisum
363 2950 467 3021 luerit,
492 2969 529 3007 ne
546 2951 695 3020 interroget
710 2947 774 3023 quis
791 2943 877 3020 illos,

106 3065 161 3124 qua
171 3044 205 3102 de
214 3064 297 3104 causa
310 3086 317 3115 ,
331 3039 528 3121 velquomodo
540 3039 638 3098 laeserit
651 3061 658 3108 ;
672 3048 699 3097 et
711 3041 733 3096 si
745 3038 877 3099 infirmus
920 3084 922 3089 -

107 3137 140 3197 de
159 3138 212 3198 boc
234 3139 376 3217 loquitur,
397 3152 556 3194 sermonem
581 3131 617 3193 ad
642 3131 719 3193 aliud
738 3131 879 3194 divertere
