1956 3608
194 238 223 309 §.
235 255 280 295 rrr.
295 253 400 297 nasute
412 251 515 295 nuans
525 249 617 292 ortu.
629 249 770 293 uenatu.
811 234 864 295 251

101 345 241 427 poscendo
256 368 271 407 a
287 346 348 405 Deo
360 364 442 405 suum
456 344 545 425 ipsius
561 342 679 416 lumen,
694 350 874 422 pecuariorum

101 443 311 514 remissionem,
337 442 594 520 perseverantiam,
612 438 717 496 bonam
731 443 875 513 mortem,

100 533 283 615 paradisum,
297 537 371 594 etin
375 535 493 613 primis
482 530 589 590 donum
601 534 645 589 sui
658 533 748 592 sancti
758 531 878 593 amoris.

100 629 319 689 llortabaturS.
333 628 500 687 Franciscus
523 623 650 684 Salesius
667 628 740 685 inter
758 637 872 688 ceteras

74 732 82 740 “
99 725 220 798 gratias,
242 717 443 800 postulandam
461 737 521 776 esse
534 737 600 777 cum
612 719 700 776 animi
716 716 872 779 vehemen-

100 817 165 875 tiori
174 814 285 875 fervore
293 813 383 873 divini
393 814 640 889 amorisgratiam,
654 815 720 891 quia
733 815 873 892 (aiebat),

99 910 216 969 obtento
230 925 344 979 amore,
359 925 458 966 omnes
472 904 587 984 reliquae
595 907 691 982 gratia
697 906 873 969 obtinentur.

100 1003 191 1081 lgitur
212 999 358 1061 sufficiens
376 1003 428 1060 erit
441 1002 564 1074 animae,
582 1002 606 1058 si
627 1011 738 1081 propter
758 1005 873 1082 spiritus

100 1095 307 1157 desolationem
335 1099 365 1156 in
392 1116 448 1175 qua
482 1098 649 1176 reperiretur
676 1096 757 1157 aliud
781 1098 873 1162 lacere

99 1210 158 1252 non
175 1211 277 1271 posse,
302 1189 447 1249 sufficiens
464 1189 568 1260 (dico)
584 1194 609 1247 ei
628 1195 703 1265 erit,
721 1204 753 1251 ut
767 1205 874 1272 repetat

97 1284 173 1346 banc
188 1282 310 1342 Davidis
325 1285 508 1360 petitionem:
525 1283 627 1361 Deus,
640 1284 672 1342 in
682 1288 871 1362 ecly’utorium

99 1399 202 1438 meum
217 1374 356 1446 intende;
371 1375 522 1449 Domine,
547 1377 661 1453 adjuvo
677 1400 725 1440 me
736 1426 743 1454 ,
755 1381 872 1454 festina

98 1472 178 1533 milri
185 1470 345 1531 auxiliari.
362 1470 481 1531 Dicebat
494 1471 572 1531 Ven.
587 1472 618 1531 P.
634 1472 740 1534 Paulus
755 1475 872 1556 Segneri

99 1563 269 1644 experientia
302 1560 433 1621 didicisse
460 1561 573 1620 nullum
601 1564 680 1622 aliud
707 1573 871 1632 exercitium

99 1677 160 1718 esse
175 1657 328 1717 animabus
341 1654 440 1714 utilius
454 1656 484 1712 in
498 1653 702 1730 meditatione,
718 1679 806 1736 quarn
821 1666 873 1725 ite.

99 1773 162 1812 rum
181 1762 268 1830 atque
282 1754 383 1809 iterum
400 1759 514 1827 petere,
538 1751 568 1805 in
589 1752 723 1827 nomine,
747 1757 808 1815 sive
823 1776 872 1837 per

101 1849 203 1906 merita
221 1846 289 1906 Jesu
309 1844 437 1917 Christi,
459 1846 509 1923 qui
531 1845 614 1904 nobis
636 1846 715 1907 illam
737 1869 873 1927 magnam

99 1940 314 2020 jucundamque
337 1941 552 2019 promissionem
577 1939 662 2016 lecit,
689 1952 720 2002 ut
744 1949 875 2026 superius

53 2084 56 2095 .
100 2033 292 2093 dictumest:
309 2036 540 2103 Amen,umen
552 2033 738 2111 dicovobis,
759 2040 874 2118 siquid

96 2127 239 2208 petieritis
252 2120 418 2188 Putrem
387 2148 420 2185 m
431 2126 555 2188 nomine
564 2149 647 2202 meo,
660 2128 745 2190 dubit
753 2135 846 2193 vobis

141 2224 214 2283 223
236 2218 313 2280 Item
338 2220 486 2298 expedit?
478 2240 508 2280 rn
531 2224 683 2299 oratione,
714 2224 850 2287 saltem'
842 2251 872 2290 rn

100 2318 189 2395 ipsius
212 2315 291 2386 fine,
309 2312 418 2391 aliquid
437 2313 616 2390 deliberare,
649 2337 707 2378 non
730 2322 820 2382 solum
842 2328 873 2383 in

100 2431 220 2490 genere,
246 2418 279 2468 ut
293 2411 401 2468 evitare
419 2426 535 2466 omnem
556 2410 669 2488 cuipam
688 2411 873 2477 deliberatam

101 2509 186 2566 etiam
204 2504 318 2576 levem,
342 2511 370 2561 et
382 2519 413 2560 se
423 2510 512 2560 totum
532 2500 592 2560 [leo
610 2507 785 2565 committere
800 2530 808 2579 3
823 2509 874 2571 sed

101 2603 187 2660 etiam
209 2602 239 2657 in
261 2595 444 2677 particulari,
469 2606 501 2654 ut
522 2604 564 2655 est
585 2600 744 2661 accuratius
766 2606 874 2666 evitare

101 2696 226 2773 aliquem
251 2690 421 2764 delectum,
444 2694 474 2749 iu
497 2712 581 2770 quern
605 2697 707 2775 saepius
729 2696 873 2771 offendit3

102 2800 153 2849 aut
167 2787 331 2863 vigilantius
346 2785 490 2846 attendere
510 2786 547 2846 ad
564 2788 691 2867 aliquam
716 2795 871 2867 virtutem,

100 2885 172 2944 circa
184 2902 270 2960 quarn
282 2882 484 2960 frequentiores
494 2880 580 2942 babet
589 2886 748 2943 occasiones
757 2906 786 2943 se
795 2906 873 2948 exer·
955 2926 961 2947 r

102 2974 184 3037 cendi
196 2998 203 3043 ς
220 2986 250 3036 ut
262 2976 398 3036 tolerandi
410 2973 532 3049 alicuius
543 2975 685 3034 molestias
698 2997 705 3045 3
723 2976 771 3035 tali
783 3000 872 3061 supe-
896 3016 901 3023 -

102 3074 186 3143 riori,
214 3081 263 3129 aut
280 3069 327 3130 tali
347 3070 447 3145 regulas
462 3067 623 3144 diligentius
642 3070 815 3149 obediendi,
843 3090 872 3138 et

102 3166 197 3242 majos
216 3161 342 3224 studium
369 3159 546 3237 adhibendi,
567 3171 599 3221 ut
619 3166 650 3224 in
669 3165 722 3225 tali
737 3175 769 3226 et
781 3168 882 3228 taline
913 3222 916 3229 .

696 3261 774 3360 eu
