1956 3608
262 206 287 284 §.
301 223 336 265 rr.
355 216 479 265 norma
493 216 533 259 ro
551 213 713 259 osroenos.
748 264 752 275 Ι
816 200 873 271 243

95 337 139 379 ne
157 313 318 394 permittas
333 334 382 374 me
397 309 553 391 offendere
567 322 605 371 to.
625 330 669 367 .·.-.
682 305 715 367 Si
728 315 809 384 urget
822 304 880 365 aii-

98 429 159 490 qua
176 409 320 481 tentatio,
341 405 476 485 replicet:
493 403 583 463 lesus
596 444 606 477 ‚
621 416 651 465 et
662 401 776 463 Marta.
791 422 833 461 =
847 399 880 461 Si

100 503 203 582 tapsus
224 504 261 561 sit
283 504 314 560 in
340 495 459 578 aliquod
482 505 652 576 peecatum:
674 498 757 557 Deus
772 516 880 569 meus,

100 617 151 657 me
164 595 289 673 poenr'tet
305 592 473 673 offendisse
493 604 544 660 te‚·
572 591 644 648 nolo
666 591 800 667 amptius
819 591 879 650 hoc

95 695 213 767 sonere.
231 715 266 739 .-.-.
286 688 324 747 Et
343 689 368 747 si
389 693 534 765 peccatum
550 682 634 743 fuerit
651 702 760 759 grave,
783 686 880 743 statim

102 784 284 844 confiteatur.
305 781 451 860 Vespere,
473 778 542 855 dum
563 779 692 838 cubitum
706 795 737 834 se
753 776 882 849 confert,

102 887 168 955 agat
176 879 282 953 gratias
293 874 329 933 de
339 876 422 934 bonis
432 874 488 932 sibi
498 871 618 935 collatis.
634 873 883 931 Examinetcono

102 974 258 1042 cientiarn,
274 980 302 1028 et
314 977 408 1047 postea
423 967 516 1028 eliciat
527 977 622 1026 aetum
639 964 753 1024 doloris.
769 961 884 1023 Deinde

102 1064 197 1124 eiiciat
210 1073 291 1123 actus
305 1062 491 1136 christianos,
510 1081 633 1140 quorum
648 1059 813 1138 exemptum
826 1057 883 1119 ha-

103 1156 184 1215 bebis
201 1156 274 1214 intra
288 1177 374 1214 num.
389 1155 459 1215 256·
486 1153 622 1211 Hortetur
639 1171 738 1210 omnes
754 1160 883 1226 matres,

104 1257 137 1307 ut
156 1245 288 1326 quotidie
308 1245 361 1301 hos
379 1253 459 1302 actus
480 1245 625 1319 practicari
651 1242 757 1300 saciant
777 1262 793 1300 a
817 1240 885 1303 fitiir

103 1343 174 1401 suis.
201 1339 359 1410 Praeterea,
375 1334 505 1396 ostendat
520 1346 651 1415 parentes
666 1319 753 1395 tener'r
768 1355 881 1414 operam

102 1435 173 1497 dare
187 1444 219 1493 ut
231 1433 282 1492 filii
295 1443 471 1495 sacramenta
482 1433 662 1512 frequentent
673 1454 681 1501 3
694 1452 762 1493 nam
775 1434 797 1491 si
806 1430 842 1492 ad
851 1451 884 1493 ea

103 1528 270 1606 frequenter
280 1546 338 1583 non
353 1525 512 1596 accedunt,
528 1525 609 1584 tacite
620 1527 674 1583 Dei
689 1529 807 1600 gratiam
821 1546 885 1605 per·

101 1619 180 1681 dunt
193 1643 201 1691 3
215 1629 243 1678 et
255 1629 384 1698 parentes
396 1617 463 1677 huic
476 1617 583 1675 damno
597 1621 754 1696 prospicere
770 1619 885 1679 debent.

106 1716 244 1794 Insuper,
260 1712 374 1772 eosdem
391 1722 508 1771 moneat
521 1709 598 1789 quod
614 1721 733 1789 peccant
744 1715 785 1785 si,
799 1733 885 1773 causa

106 1811 181 1886 justa
197 1829 257 1868 nou
271 1807 440 1879 accedente,
464 1805 623 1886 impediant
639 1805 717 1865 titios·
730 1811 886 1886 quominus

107 1905 295 1965 Matrimonia
304 1901 530 1979 conjungantur,
544 1911 648 1961 auteos
658 1904 764 1961 invitos
773 1902 810 1963 ad
819 1905 887 1965 Ma-

105 2000 274 2059 trimonium
290 2007 392 2074 cogant
410 1995 501 2065 (vide
514 1999 544 2054 in
560 2017 643 2074 opere
662 1999 783 2071 morati,
807 2002 827 2060 l.
844 2000 886 2072 6,

106 2116 137 2155 n.
163 2092 238 2171 849,
262 2115 289 2152 v.
312 2094 492 2154 conveniunt
516 2093 558 2153 ad
574 2093 661 2165 Vk).
691 2092 771 2152 Sicut
787 2104 886 2156 contra

106 2198 227 2270 peccant
246 2187 296 2246 titii
315 2191 385 2266 qui,
404 2191 569 2268 parentibus
585 2192 658 2265 juste
674 2191 794 2266 invitis..
816 2191 886 2253 Ma-

108 2286 241 2344 trimonia
258 2285 359 2340 ineunt
374 2287 413 2349 (l.
428 2285 466 2357 6,
488 2287 519 2343 d.
533 2309 563 2342 n.
579 2287 649 2363 849.
659 2295 683 2356 ).

150 2378 221 2438 215.
244 2377 317 2435 ltem
339 2397 383 2433 12.
405 2377 481 2434 Cum
498 2397 548 2455 pro
568 2392 712 2456 comperto
727 2379 888 2456 habeatur,

109 2483 143 2532 ut
166 2491 250 2550 supra
268 2480 414 2530 ostensum
436 2480 499 2544 est,
517 2467 592 2548 quod
620 2469 762 2531 parochus
779 2472 887 2533 nedum

111 2576 224 2626 tenetur
233 2565 270 2625 ad
282 2565 356 2625 maia
367 2563 567 2644 impedienda,
579 2562 628 2623 sed
637 2566 722 2625 etiam
731 2564 768 2626 ad
779 2567 888 2631 honum

112 2659 888 2742 promovendum,populumhorteturadquotidianam

110 2755 167 2815 SS.
190 2756 384 2827 Sacramenti,
404 2775 436 2814 ac
454 2755 487 2814 tt.
503 2756 602 2815 Mariae
618 2759 736 2833 virginio
749 2760 890 2818 visitatio·

108 2867 192 2907 nem.
222 2848 347 2927 Haecque
368 2850 492 2908 visitatio
516 2858 606 2927 potest
627 2849 689 2908 fieri
712 2867 830 2926 vespere
852 2851 889 2909 ab

113 2946 175 3022 ipso
190 2944 220 3001 in
237 2947 404 3016 communi,
431 2964 489 3002 una
514 2944 601 3003 simul
621 2965 685 3003 eum
710 2943 814 3023 popuio
834 2946 890 3005 sibi

113 3037 286 3113 commisso,
312 3033 487 3113 designando
503 3035 600 3096 horam
620 3036 724 3116 populo
739 3041 828 3116 magis
842 3061 890 3102 ae·
948 3104 950 3106 ,

112 3126 315 3202 commodam,
329 3137 412 3208 prout
422 3148 491 3189 urus
502 3130 533 3189 in
543 3129 642 3194 multis
654 3131 893 3209 regionibuooun

712 3226 788 3286 ha.
