1956 3608
93 215 154 294 275
316 228 423 276 rnaxrs
441 229 651 278 corrnerunt

95 350 123 452 ς.
141 376 197 440 lv.
216 334 336 439 Monitu
352 344 435 440 circo
460 377 568 440 ultima
589 372 822 470 Sacramenta,
840 386 867 442 el

189 474 316 537 modum
332 495 394 552 quo
411 475 523 537 utiliter·
536 476 631 553 recipi
642 485 787 554 possunt.

292 651 313 694 1.
328 648 415 693 CIRCA
431 651 674 696 COMESSIONBH·

135 785 206 858 254.
226 782 293 845 last
312 803 397 864 supra
415 784 445 843 in
461 785 542 862 praxi
559 784 699 843 monitum
720 793 764 845 est
782 787 796 854 (
806 781 869 844 vide

96 888 224 940 nostram
238 878 376 941 moralem
391 878 443 938 tiu.
458 879 500 951 6,
524 897 612 937 num.
631 877 689 938 260
702 889 732 938 et
749 880 814 954 484
828 878 872 940 od

96 993 184 1033 num.
197 991 226 1030 a.
241 976 278 1045 )”,
298 967 377 1051 quod
392 967 463 1029 dum
480 966 635 1048 periculum
649 970 749 1028 mortis
762 971 869 1042 instat,

96 1073 147 1125 aut
159 1063 255 1124 forsan
269 1063 417 1124 viaticum
430 1061 557 1122 delatum
571 1071 635 1136 est,
656 1070 685 1122 et
701 1061 786 1140 longa
800 1071 870 1123 esset

97 1156 269 1232 Confessio,
286 1166 355 1218 tunc
375 1155 508 1216 infirmus
522 1173 582 1215 non
599 1158 713 1216 tenetur
730 1159 826 1218 omnia
842 1163 869 1215 et

97 1252 208 1333 singula
222 1262 334 1333 peccata
345 1251 483 1313 confiteri.
496 1248 868 1330 llicampliusanimadver·

96 1348 363 1429 mudasconensis,
379 1351 517 1408 nimirum
530 1368 539 1407 ε
556 1370 581 1407 r.
591 1348 725 1429 Quisque
735 1347 870 1412 Sacerdos

95 1444 128 1501 in
145 1443 243 1500 mortis
259 1460 319 1498 non
340 1437 432 1497 solum
455 1438 600 1513 articulo,
618 1439 669 1499 sed
687 1442 775 1500 etiam
796 1442 871 1520 peti·

96 1533 162 1595 culo
183 1537 240 1600 (ut
253 1531 337 1592 Trid.
354 1536 435 1595 Sese.
451 1537 545 1608 14‚c.
562 1554 579 1612 7
595 1532 790 1608 declaravit),
806 1553 877 1605 cene·

95 1627 170 1687 suris
192 1635 221 1686 et
243 1626 356 1688 casibus
377 1631 527 1688 reservatis
551 1629 698 1689 obstrictos
727 1629 872 1690 absolvere

98 1733 190 1803 potest
206 1723 251 1791 (l.
263 1723 301 1798 6,
314 1744 346 1781 n.
359 1720 426 1784 561.
438 1730 462 1795 ).
477 1721 692 1784 Advertendunr
707 1733 804 1784 tamen
816 1734 871 1794 est,

98 1815 260 1899 quodcirca
275 1835 408 1877 censuras
424 1826 582 1878 reservatas
596 1828 708 1878 tenetur
722 1819 872 1880 Consema·

96 1914 157 1972 rius
168 1911 301 1971 facultate
316 1930 414 1972 mrens
428 1911 544 1973 infirmo
557 1915 705 1993 imponere
714 1924 770 1987 ut‚.
779 1915 873 1996 elapso

94 2006 198 2069 ¹mortis
212 2005 354 2088 periculo,
369 2026 398 2067 se
412 2016 562 2086 presentet
576 2011 712 2088 superiori
725 2031 733 2081 3
753 2028 832 2072 secus
842 2013 871 2070 in

99 2099 398 2173 consoranensium,
412 2123 501 2160 num.
516 2103 591 2177 563,
601 2125 629 2160 ν.
638 2107 744 2165 seem.
758 2128 784 2166 τι.
795 2105 872 2165 Sim-

98 2199 166 2278 plex
188 2193 328 2256 Sacerdos
349 2193 495 2254 absolvere
518 2214 587 2254 non·
601 2207 712 2275 potest,
737 2209 872 2278 presente

100 2289 280 2351 confessario
291 2289 464 2368 approbato;
482 2308 562 2350 secus
574 2299 690 2367 tannen,
708 2295 733 2352 si
749 2293 877 2354 Confes-x

100 2383 549 2465 sariusapprobatusveuiat,jam
559 2387 873 2467 incoeptaeonsessioue.

97 2482 192 2543 Scene
205 2481 314 2552 etiarn,
330 2481 353 2538 si
368 2481 542 2559 approbatus
554 2481 591 2540 sit
603 2480 732 2561 complex
746 2502 873 2560 persone

100 2576 224 2636 infirme
238 2575 268 2632 in
279 2583 392 2642 peccato
406 2575 497 2652 turpi,
508 2576 548 2633 uti
559 2571 683 2634 decrevit
696 2574 751 2636 SSs
765 2576 799 2636 P.
815 2576 873 2638 tte·

101 2667 231 2730 nedictus
244 2665 320 2725 XIV
339 2668 428 2733 (loco
441 2669 492 2728 cit.
502 2688 591 2728 num.
608 2671 676 2733 553.
687 2676 712 2741 )·
727 2670 757 2731 3.
777 2671 874 2731 Mori-

101 2759 218 2826 bundus
231 2760 361 2820 sensibus
376 2757 527 2822 destitutus
541 2771 615 2823 recte
629 2773 720 2842 potest
740 2764 876 2842 absolvi,

102 2859 204 2919 'saltem
227 2855 282 2915 snb
306 2852 466 2916 conditione
498 2855 607 2935 (quod
632 2861 758 2918 securius
783 2869 877 2936 est),

103 2946 262 3011 dummodo
279 2957 387 3008 constet
403 2949 551 3008 infirmnm
569 2948 775 3011 absolutionem
794 2950 876 3012 desi-

104 3033 233 3117 derasse,
247 3045 418 3122 punitentia
428 3045 540 3121 signum
552 3045 696 3123 prebens,
710 3050 792 3108 sutsi
805 3069 876 3112 con·

97 3135 255 3200 sessionem
269 3137 433 3220 quesierit,
452 3157 540 3199 num.
552 3148 623 3217 471.
640 3138 678 3202 Et
690 3136 721 3199 id
734 3140 877 3227 iutelligi-
