1956 3614
216 200 245 275 §.
260 218 304 260 rv.
326 216 408 261 cruca
424 218 536 260 ruurcrs
557 217 717 261 cerretum.
815 205 855 282 95

83 308 136 370 dat
148 317 281 382 remota,
308 317 391 393 prout
413 318 503 383 sunt,
529 310 642 387 praecise
659 310 690 369 iu
711 309 857 373 occasione

79 406 191 485 peccati
210 405 319 482 turpis,
338 403 435 481 lugere
456 403 679 466 familiaritatem
693 401 855 482 complicis,
951 474 961 485 ·

79 505 110 556 et
132 497 219 556 etiam
235 505 403 576 aspectum,
424 505 568 576 quantum
585 496 645 555 fieri
664 505 777 576 potest,
800 494 858 555 ire·

79 598 221 669 quentore
244 587 429 650 Sacramenta
447 609 457 659 ;
477 597 505 648 et
523 607 596 667 saepe
612 587 811 650 commendare
824 605 855 648 se

79 683 172 758 Deo,
194 682 360 744 renovando
384 681 514 764 quotidie
539 685 718 762 (prasertim
743 684 855 758 mane)

79 788 149 840 ante
159 779 312 856 imaginem
326 769 464 837 Cruciliui
480 779 653 856 propositum
665 796 722 835 uon
735 775 857 864 amplius

79 870 237 954 peccandi,
255 881 284 931 et
298 881 441 952 quantum
455 879 498 930 est
511 870 661 953 possibile,
678 869 788 930 vitandi
807 892 859 931 oc-

79 969 239 1028 casionem.
260 966 364 1038 Ratio,
385 967 452 1045 quia
468 966 576 1024 occasio
592 960 726 1043 peccandi
743 974 860 1025 nonest

79 1060 194 1140 proprie
208 1065 353 1136 peccatum
369 1059 400 1116 iu
419 1059 510 1136 seipsa
527 1077 536 1127 r
557 1075 652 1136 neque
667 1054 779 1116 inducit
792 1076 859 1136 pec-

79 1149 166 1214 candi
183 1152 377 1212 necessitatem
396 1171 404 1222 ;
422 1149 501 1211 unde
516 1153 590 1211 bene
603 1153 754 1211 consistere
767 1161 857 1230 potest

79 1266 154 1323 cum,
169 1247 315 1306 occasione
334 1263 421 1304 verus
440 1242 544 1316 dolor,
565 1254 593 1303 et
609 1246 783 1324 propositum
797 1262 858 1304 non

79 1334 229 1403 recidendi
242 1357 252 1409 ς
265 1345 294 1396 et
308 1335 372 1398 licet
386 1339 510 1417 quisque
525 1346 654 1397 teneatur
667 1336 777 1398 auferre
793 1358 858 1417 pro-

79 1435 196 1495 ximum
215 1430 369 1512 periculum
391 1430 525 1512 percandi
540 1473 549 1506 ,
566 1430 596 1490 id
612 1431 857 1511 intelligiturcuru

79 1528 143 1608 ipse
157 1535 258 1606 sponte
273 1524 336 1586 vult
351 1525 405 1586 tale
417 1525 591 1605 periculum:
607 1524 656 1585 sed
670 1546 736 1586 cum
750 1528 858 1587 occasio

79 1629 125 1681 est
140 1619 285 1680 moraliter
299 1621 475 1693 necessaria,
498 1628 567 1678 tunc
583 1617 738 1697 periculum
752 1638 802 1698 per
814 1640 859 1678 re-

79 1710 177 1772 media
192 1721 351 1791 opportuna
363 1719 505 1770 remotum
520 1708 639 1783 evadit,
656 1719 684 1769 et
695 1709 776 1776 Deus
791 1719 859 1771 tunc

80 1821 140 1864 non
157 1821 189 1861 se
206 1801 324 1862 retrahit
341 1803 378 1860 ab
399 1799 556 1861 assistendo
573 1821 623 1861 sua
641 1803 729 1879 gratia
749 1801 789 1860 illi
808 1804 858 1881 qui

79 1912 148 1955 vere
163 1891 331 1954 deliberavit
345 1895 439 1971 ipsum
456 1911 515 1952 non
534 1891 686 1953 offendere.
712 1893 777 1954 Non
791 1891 859 1953 dicit

82 1986 230 2068 Scriptura
249 1985 327 2067 quod
342 1984 446 2066 peribit
459 1990 509 2066 qui
524 1997 571 2047 est
591 1990 620 2046 in
639 1987 785 2066 periculo,
808 1987 859 2048 sed

80 2085 133 2164 qui
156 2091 237 2142 amat
255 2080 431 2161 periculum3
447 2079 498 2140 sed
511 2083 612 2161 nequit
626 2079 682 2141 dici
696 2102 792 2142 amare
806 2103 859 2162 pe·

83 2177 225 2251 ticulum,
242 2180 292 2256 qui
314 2176 353 2236 illi
376 2179 485 2237 invitus
509 2175 750 2256 subjacetrunde
764 2179 859 2258 inquit

83 2270 120 2333 D.
135 2271 259 2333 Basilius
273 2277 319 2345 (r)
336 2293 343 2329 ε
367 2273 427 2353 Qui
447 2273 566 2352 urgenti
587 2272 699 2350 aliqua'
715 2294 813 2347 causo
830 2287 859 2334 et

83 2365 260 2428 necessitate
275 2384 307 2427 se
320 2365 455 2442 periculo
470 2365 594 2441 objicit,
614 2369 658 2427 vel
671 2367 817 2446 permittit
827 2388 858 2428 se

82 2479 145 2521 esse
159 2458 191 2518 in
204 2459 278 2532 illo,
293 2479 365 2519 cum
382 2469 486 2519 tomen
497 2457 576 2521 ulios
590 2460 699 2533 nollet,
717 2479 780 2519 non
792 2471 857 2524 tom

81 2552 195 2614 dicitur
206 2552 503 2628 amoreperr'culurn,
512 2573 608 2631 quom
618 2552 731 2615 invitus
742 2551 864 2623 subiret

81 2647 186 2709 etideo
200 2649 297 2728 magis
309 2646 478 2723 providebit
493 2651 592 2724 Deus,
603 2669 642 2708 ne
653 2644 708 2708 illo
721 2662 840 2726 pereat.

122 2743 174 2821 69.
195 2739 272 2803 liinc
288 2739 388 2805 dicunt
406 2741 477 2803 DD.
493 2742 568 2804 bene
581 2763 696 2824 capaces
705 2743 861 2805 absolutio-

79 2835 129 2896 nis
146 2853 208 2897 esse
221 2836 271 2914 qui
288 2835 392 2897 nolunt
408 2834 566 2916 relinquere
582 2837 698 2917 aliquod
712 2835 859 2911 officium,

79 2930 251 3007 negotium,
276 2926 488 3005 rotdomum,
513 2932 545 2991 in
568 2949 625 3010 qua
648 2929 722 2990 soliti
737 2929 875 2997 'suerunt‘

115 3125 158 3188 (a)
176 3124 205 3175 lu
218 3125 328 3177 constit.
342 3122 419 3180 Mon.
433 3140 489 3193 cap.
501 3136 527 3192 4.
