1956 3614
201 221 225 298 §.
241 239 285 280 rr.
306 233 392 278 cunct
408 232 522 279 runicus
536 231 695 274 orrrcrusr.
795 213 837 290 75,
854 216 859 224 '

57 319 118 404 qul
127 323 282 385 manebant
301 324 332 383 in
342 322 487 382 occasione
506 321 633 399 proxima
650 317 773 398 merati,
787 325 838 376 aut
911 338 917 347 ⁸

54 427 147 510 grant
158 415 291 492 recidivi,
307 437 360 477 nec
374 413 597 477 extraordinaria
610 415 688 491 signa
704 430 762 473 susc
776 408 836 471 dis-

56 513 206 594 positionis
221 510 381 572 afferebant
397 509 410 571 i
425 509 457 570 Si
476 529 608 589 unquam
627 506 691 569 talis
710 505 837 569 Confes-

55 609 152 669 sarius
166 606 293 687 aliquam
309 604 500 664 l’oenitentem
519 600 694 663 sollicitasset
711 599 748 662 acl
770 609 836 662 tur-

56 701 130 780 pia,
149 700 335 775 interrogetur
357 715 395 756 an
420 696 491 756 sciat
506 713 572 754 eum
592 713 651 754 non
673 711 754 774 posse
777 691 836 754 Sa-

55 809 140 851 crum
155 789 269 863 lacere,
292 785 364 847 dum
379 807 395 848 a
411 785 449 847 N.
464 784 520 846 SS.
534 786 567 844 P.
583 783 736 844 benedicto
748 783 837 861 xlv,

55 879 144 942 hodie
158 879 377 941 sollicitantibus
391 879 523 958 imposita
535 886 578 937 est
593 873 758 936 inhabilitas
770 894 835 956 per·

56 983 168 1056 petua,
184 983 214 1033 et
228 972 312 1053 Papae
327 980 490 1046 reservata,
511 990 590 1050 quae,
611 979 642 1031 ut
660 968 838 1031 ostendimus

56 1071 90 1128 in
109 1086 193 1147 opere
210 1069 277 1140 (r),
300 1074 366 1126 ante
384 1079 501 1126 omnem
522 1068 694 1127 sententium
709 1066 834 1127 incurri-

57 1173 118 1223 tur.
142 1162 187 1221 An
205 1169 303 1222 aurem
320 1158 380 1221 lraec
401 1163 560 1222 incurratur
581 1161 668 1220 etiam
692 1160 730 1221 ab
751 1161 837 1236 igno-

56 1256 191 1318 rantibus
203 1254 216 1314 ?
227 1255 346 1316 observa
355 1274 421 1333 qua
433 1252 568 1315 <licuntur
578 1256 608 1314 iu
621 1253 721 1316 eodem
733 1272 815 1334 opere
827 1291 839 1328 ‚

40 1354 44 1360 '
58 1349 124 1412 loco
135 1352 239 1424 citato,
254 1349 385 1410 Veneriis
397 1347 483 1408 edito.

101 1445 151 1505 52.
173 1445 289 1519 Tertio,
302 1447 325 1504 si
337 1442 445 1507 accedit
456 1443 617 1520 Parochus,
631 1446 833 1524 interrogetur,

64 1559 91 1597 1.
103 1555 142 1597 an
157 1535 285 1597 attendat
300 1535 338 1597 ad
352 1535 462 1597 debitas
477 1539 665 1616 correptiones
680 1557 745 1616 erga
766 1539 836 1598 sub-

58 1629 136 1690 ditos
162 1627 176 1688 i
207 1631 321 1710 praecise
349 1648 413 1707 erga
442 1648 490 1688 eos
512 1631 562 1707 qui
584 1627 681 1708 aliquo
705 1639 837 1691 tenentur

60 1722 149 1800 coto,
166 1733 217 1784 ant
230 1744 296 1785 cum
311 1722 408 1803 aliqua
421 1725 540 1804 turpiter
549 1733 772 1800 conversantur,
786 1732 837 1786 aui

60 1817 164 1878 domos
181 1836 351 1898 sponsarum
370 1815 577 1897 frequentant?
594 1819 630 1878 Et
647 1816 683 1878 de
700 1817 754 1880 hac
770 1802 857 1890 nra-¹

62 1915 135 1974 teria
161 1908 306 1990 loquendo
330 1907 496 1986 hujusmodi
516 1910 658 1973 Parochus
679 1911 763 1974 valde
784 1911 839 1974 ad·

60 2013 157 2068 vertat
185 2004 223 2065 ad
254 2023 313 2066 non
336 2002 516 2084 accipiendas
545 2007 745 2084 promissiones
771 2028 838 2069 ruu-

55 2097 129 2162 luas
139 2099 336 2176 Matrimonii,
351 2100 407 2159 nisi
420 2119 520 2178 parum
534 2108 718 2180 anteaquam
731 2105 839 2183 nuptia
857 2173 867 2188 ,

62 2198 123 2256 sint
136 2191 358 2269 contrahendae,
384 2203 416 2253 ut
427 2192 580 2274 prudentes
594 2193 712 2257 Paroclri
728 2205 838 2274 agunta

62 2289 193 2368 alioquin
206 2307 293 2349 omne
307 2297 422 2367 tempus
440 2286 512 2348 illud
527 2289 670 2370 usquead
685 2281 838 2354 Matrimo-

63 2387 164 2457 nium,
178 2391 356 2465 percatorum
376 2389 489 2460 tempus
502 2384 565 2443 erit.
580 2407 611 2446 2.
629 2387 675 2446 An
689 2388 837 2464 invigilet,

63 2485 98 2536 ut
123 2476 168 2535 sui
193 2472 301 2535 subditi
330 2473 439 2553 absque
463 2477 627 2555 exceptione
651 2495 837 2558 personarum

63 2567 200 2651 paschale
212 2566 350 2648 impleant
361 2577 532 2648 praeceptum
544 2567 557 2628 i
571 2569 650 2649 Quot
663 2590 797 2651 personas
807 2575 839 2637 in

65 2662 251 2726 missionibus
264 2662 447 2738 invenimus,
461 2665 614 2743 presertim
631 2667 748 2742 majoris
765 2669 840 2731 exis·

64 2756 248 2832 limationis,
271 2775 335 2837 quae
355 2755 530 2837 permultos
554 2777 646 2822 annos
667 2771 839 2842 preceptum

10 2884 14 2893 ›
65 2849 187 2930 implere
204 2852 385 2926 omiserunt,
416 2852 486 2931 quin
509 2850 653 2913 Paruchus
669 2873 718 2915 eus
738 2853 841 2917 aduro·

67 2944 186 3023 nuerit,
204 2953 234 3005 et
250 2953 409 3029 opportuna
424 2943 586 3009 adhibuerit
602 2943 697 3011 media
710 2945 749 3009 ad
767 2949 842 3030 ipso·
877 2950 882 2961 '

103 3143 144 3211 (r)
161 3140 219 3198 Lib.
230 3144 264 3209 θ,
281 3159 359 3198 nuru.
370 3150 429 3212 70⁵·
523 3176 533 3191 t

651 3237 726 3298 Da,
