1956 3608
225 192 759 284 §.nouorumorrumunsutmorrrs.
824 218 876 294 187
955 280 965 291 ,

101 319 141 381 illi
152 320 298 380 resistunt.
314 315 348 375 ln
360 327 484 396 quatuor
493 319 577 396 igitur
589 321 730 399 precipue
739 321 830 400 posita
839 332 881 383 est

101 413 219 475 directio
244 409 418 472 confessarii
443 410 538 491 quoad
561 416 675 474 animas
695 414 882 494 spirituales,

101 507 206 569 scilicet
224 508 254 564 in
270 502 483 579 meditatione,
505 507 537 563 in
560 507 819 587 contemplatione,
850 512 879 568 in

100 597 338 670 mortificatione,
352 606 381 656 et
391 598 423 656 in
436 594 598 675 frequentia
609 596 878 676 sacramentorum,

100 702 128 756 et
142 691 179 755 de
192 693 329 755 omnibus
344 690 490 768 sigillatim
505 688 645 752 dicemus.

211 876 293 949 M.
312 876 360 936 De
377 873 526 938 Oratione
541 874 763 939 Meditutionis.

144 1087 215 1126 122.
235 1064 376 1127 Pnununs
389 1082 456 1143 ergo
468 1064 692 1143 Confessarius,
711 1086 777 1128 curn
792 1069 882 1129 cernit

97 1163 230 1224 animam
244 1159 373 1241 aliquam
386 1159 589 1220 abhorrentem
604 1170 718 1240 peecata
733 1161 882 1238 mortalia,

97 1266 129 1317 et
142 1251 355 1314 desiderantem
371 1252 502 1334 progredi
522 1256 553 1312 in
568 1272 665 1314 amore
679 1251 801 1331 divino,
815 1265 883 1315 antu
906 1312 911 1319 .

97 1349 200 1411 omnin
216 1344 302 1407 debet
316 1345 397 1407 illam
419 1344 570 1426 disponere
583 1344 621 1407 ad
639 1346 800 1409 taciendam
817 1368 883 1410 ora·

97 1442 207 1503 tionem
219 1432 547 1514 mentalem,scilioetad
556 1439 773 1502 meditationem
781 1444 883 1502 verita·

97 1545 164 1597 tum
176 1539 346 1595 eremorum
357 1576 368 1608 ,
380 1535 557 1594 ctbonitatis
567 1532 684 1596 divinae.
700 1535 737 1596 Et
746 1537 881 1616 quamvis

98 1631 258 1693 neucesaria
278 1631 395 1689 nonsit
418 1627 455 1688 ad
478 1639 616 1690 aeternam
637 1629 757 1689 salutem
779 1650 882 1691 conse-

99 1723 270 1809 quendam,
292 1725 374 1786 sicuti
392 1732 435 1783 est
453 1727 613 1784 necessaria
631 1725 752 1804 politior
771 1723 883 1785 nibilo-

98 1821 199 1882 minus
210 1817 324 1880 videtur
338 1816 424 1878 valde
440 1820 598 1880 necessaria
618 1818 791 1892 animabus,
805 1827 839 1878 ut
851 1820 882 1878 in

98 1912 157 1976 Dei
167 1916 256 1992 gratia
270 1922 462 1993 perseverent.
477 1912 554 1971 Cum
567 1913 681 1992 reliquis
690 1914 803 1992 pietatis
813 1931 883 1993 ope·

98 2010 182 2070 uibus
191 2017 283 2088 potest
291 2016 440 2087 peccatum
450 2007 602 2066 consistere
612 2027 620 2076 ;
632 2005 682 2066 sed
694 2025 752 2067 non
763 2019 882 2087 possunt

100 2101 265 2165 cohabitare
279 2103 369 2161 oratio
381 2109 411 2160 et
424 2111 585 2181 peccatum.
609 2100 716 2159 Anima
731 2109 782 2159 ant
796 2099 883 2159 selim

100 2206 172 2279 quet
185 2197 343 2257 orationem
358 2205 410 2257 aut
426 2204 584 2275 peccatum.
608 2194 730 2255 Dicebat
750 2192 782 2254 S.
797 2192 883 2255 The·

101 2293 175 2353 resia
193 2310 202 2347 ε
225 2289 377 2349 Animum
393 2309 465 2364 quoe
480 2291 512 2348 in
529 2289 669 2350 oratione
687 2304 878 2368 perseverat,

99 2395 253 2467 quotquot
266 2380 312 2441 illi
330 2395 459 2459 peccota
475 2395 611 2459 opponat
630 2382 789 2459 dioboles,
808 2398 883 2442 ton-

100 2479 175 2541 dem
189 2496 248 2554 pro
263 2486 344 2536 certo
355 2473 455 2536 babeo
472 2473 557 2552 quod
577 2493 648 2534 eom
674 2474 824 2536 Dominus
839 2477 890 2536 ud.

101 2571 211 2634 solutis
218 2565 881 2645 porttomeondooet.Etideodiabolusnollnm

103 2661 184 2726 aliud
192 2663 359 2723 exercitium
371 2671 429 2722 tarn
437 2665 538 2742 quaerit
546 2661 701 2743 impedire,
713 2684 801 2744 quam
810 2663 881 2725 illud

104 2759 259 2832 orationis,
271 2758 427 2836 qnoniam,
438 2758 534 2836 inquit
546 2756 646 2818 eadem
655 2757 763 2818 Sancta
771 2779 779 2816 t
788 2759 884 2819 Novit

103 2850 232 2915 dromon
247 2851 331 2929 quod
343 2865 423 2913 certe
439 2852 558 2914 omittet
568 2853 709 2912 animum
723 2870 795 2926 qnoe
807 2869 881 2927 per-

104 2961 279 3013 severanter
299 2947 448 3008 incumbit
471 2949 614 3008 orationi.
642 2945 779 3004 Praeterea
804 2943 882 3004 solus

104 3061 186 3104 eruor
196 3039 300 3117 estqui
312 3040 439 3098 animam
452 3036 516 3096 Deo
525 3039 619 3113 jungit
629 3077 639 3109 ,
651 3045 680 3095 et
689 3037 818 3114 stringitt
831 3035 882 3097 sed

105 3135 209 3200 fornax
229 3136 260 3197 in
278 3153 336 3215 qua
351 3130 515 3196 accenditur
528 3129 650 3194 flamma
665 3128 765 3195 dtrtnt
779 3134 893 3194 amone
