1956 3608
852 39 914 107 W

97 232 158 293 ,οὓ
318 242 422 288 mtxu
439 237 643 286 comussrnn.
706 228 710 235 '

96 337 256 399 innocentii
270 337 424 415 imponitur
435 336 589 415 episcopis,
604 343 638 392 ut
653 329 865 410 diligentissime

97 440 239 506 caveant,
255 449 292 491 ne
308 428 395 490 alicui
411 430 577 489 communio
593 426 766 504 denegetur,
779 422 865 489 'enan

97 524 287 605 qnotidiana3
308 532 337 582 et
363 532 513 601 quaerant,
538 531 570 582 ut
593 530 727 601 parent,
755 523 788 581 in
812 525 867 583 suis

96 618 216 678 subditis
232 616 309 677 hanc
331 615 405 675 alere
424 614 617 675 devotionem.
639 615 782 675 Fatenlur
798 615 867 681 ultro

96 710 218 792 qnidam
242 714 356 792 spiritus
379 709 522 788 rigidiores
542 709 647 769 licitam
671 707 791 787 quidem
810 731 870 772 esse

98 805 328 864 communionem
344 801 560 881 quotidianam
576 799 626 861 sed
648 799 750 861 dicunt
767 807 869 883 requiri

97 898 134 959 ad
148 898 201 959 hoc
215 896 341 958 debitam
352 897 564 976 dispositionem
580 917 589 966 ς
603 894 652 956 sed
666 898 738 956 scire
750 898 790 956 ab
804 901 870 979 ipsis

97 991 292 1052 desideramus
318 991 458 1070 quidnam
487 989 645 1068 intelligant
672 991 728 1050 hoc
755 996 869 1054 nomine

97 1087 207 1146 deditoe
230 1085 435 1162 dispositionis
455 1080 468 1141 l
488 1084 521 1143 Si
545 1084 709 1161 intelligunt
731 1084 869 1164 dignam,

97 1181 195 1259 ecquis
208 1199 338 1260 unquam
354 1177 467 1238 deberet
478 1177 602 1257 amplius
611 1177 650 1237 ad
665 1178 869 1244 Eucharistiam

97 1271 229 1332 accedere
244 1271 258 1330 Ρ
274 1269 359 1330 Solus
373 1270 457 1330 lesus
475 1268 606 1330 Christus
620 1269 706 1348 digne
720 1271 872 1334 Eucharis-

99 1368 166 1426 tiam
194 1368 334 1444 sumpsit,
365 1368 432 1443 quia
459 1364 536 1424 solus
563 1365 644 1425 Dens
667 1365 752 1445 digne
776 1369 871 1428 Deum

97 1459 189 1536 potuit
207 1459 337 1533 recipere.
367 1455 399 1514 Si
425 1475 492 1515 vero
511 1459 728 1519 convenientem
751 1459 874 1539 disposi-

98 1553 203 1610 tionem
227 1548 411 1626 intelliguut‚
438 1547 498 1625 jam
525 1553 653 1630 superins
676 1548 787 1614 dictum
811 1565 871 1630 est,

96 1642 175 1723 qnod
198 1645 234 1702 iis
254 1645 305 1722 qui
323 1643 445 1703 actualia
464 1643 572 1704 habent
591 1654 702 1725 peccata
724 1649 869 1725 venialia,

97 1748 147 1798 ant
157 1736 290 1799 affectum
299 1738 335 1797 ad
347 1737 393 1797 illa
405 1783 414 1814 ‚
431 1741 493 1798 sine
501 1738 640 1799 desiderio
647 1741 870 1820 emendationis,

99 1849 215 1908 aequum
229 1839 271 1888 est
283 1830 462 1908 frequentem
477 1834 709 1892 communionem
723 1832 871 1914 denegare.

97 1923 156 1984 Sed
171 1927 194 1982 si
210 1933 306 2002 postea
318 1923 471 2002 loquamur
483 1923 519 1984 de
530 1925 586 1986 illis
600 1929 670 2005 qni,
684 1929 799 1990 sublato
812 1929 870 2007 jam

97 2017 200 2078 affectu
225 2021 311 2078 etiam
335 2016 371 2077 ad
392 2019 538 2092 venialia,
562 2030 590 2079 et
614 2032 745 2100 superata
771 2026 870 2102 majori

98 2123 177 2193 parte
191 2132 343 2192 pravarum
355 2132 472 2172 suarum
482 2113 699 2175 inclinationum
711 2160 721 2192 ‚
734 2138 871 2198 magnum

99 2203 873 2289 communicandidesideriumhabent‚inquitS.Fran·

98 2300 187 2358 ciscus
203 2294 329 2354 salesius
344 2301 390 2367 (r)
406 2296 484 2375 quod
497 2296 527 2356 hi
542 2303 648 2378 praevio
663 2307 707 2362 sui
722 2304 872 2366 Directoris

99 2389 235 2464 consilio,
261 2401 335 2451 recte
358 2401 478 2472 possunt
502 2398 713 2455 communicare
735 2399 873 2475 quotidie

99 2487 136 2546 Et
158 2486 189 2545 S.
206 2485 336 2546 Thomas
361 2490 406 2560 (2)
430 2485 511 2547 docet
533 2487 610 2566 qood
633 2489 750 2568 quando
774 2497 871 2554 anima

17 2586 20 2591 “
99 2579 193 2656 aliqua
209 2582 350 2657 experitur
368 2581 507 2640 beneficio
527 2586 737 2644 communionis
752 2607 782 2647 se
798 2607 873 2647 cres-

99 2690 159 2732 cere
174 2673 204 2729 in
216 2689 312 2729 amore
325 2671 444 2747 divino,
462 2693 515 2736 nec
532 2678 665 2737 imminui
683 2687 873 2743 reverentiam

99 2767 130 2826 ln
144 2765 382 2839 Sacramentum,
396 2787 454 2826 non
465 2767 549 2829 debet
563 2772 730 2833 abstineres
745 2794 874 2837 commu-

99 2859 875 2943 nione,etiamquotidiana;euipsaS.Doctorisverba:

134 3048 172 3107 (1)
190 3049 215 3099 S.
227 3046 319 3099 trane.
332 3047 409 3100 Sales.
422 3051 521 3103 lntrod.
535 3051 585 3103 ulla
597 3055 662 3107 vitta
675 3055 779 3119 diruta,
798 3076 821 3112 c.
836 3081 876 3116 ιο.

131 3140 169 3202 ἐκ)
189 3139 221 3193 D.
235 3139 331 3194 Thou.
346 3155 376 3207 t„
393 3143 467 3196 Sent.
478 3146 545 3197 illst.
559 3165 601 3198 rus
