1956 3608
154 228 215 300 aot
265 282 271 289 ,
380 239 484 294 nnana
500 237 706 287 conrasatnu.

151 352 210 393 non
225 335 385 413 permittere
400 337 441 393 'eis
458 338 692 395 communionem
710 333 868 414 plusquam
882 354 923 397 aee

106 498 112 515 .
152 427 208 486 mel
223 430 252 486 in
266 425 464 500 hebdomada,
480 431 570 487 immo
586 432 686 508 poterit
699 426 856 507 expediens
870 436 939 492 eene

150 517 206 577 illis
223 517 378 597 aliquando
397 538 448 598 per
460 521 601 598 integram
618 519 833 581 hebdomadam
849 541 925 583 com·

149 615 286 672 munione
299 611 480 689 interdicere,
496 617 678 690 utunajorem
690 617 857 695 concipiant
866 615 925 677 hor-

150 722 241 765 rorem
258 706 287 763 in
303 724 369 764 suos
384 703 530 779 delectus3
548 716 576 765 et
590 705 727 781 maiorem
740 725 806 784 erga
824 707 928 769 Sacra·

149 797 345 859 mentumhoc
357 803 554 860 reverentiam.
568 801 665 860 Tanto
676 802 766 877 magis
776 805 840 874 (1),
851 797 924 881 quod

151 896 291 954 sententia
300 897 478 955 communior
488 903 577 968 tenet,
588 896 709 975 recipere
717 893 923 957 Eucharistiam

151 1009 217 1048 cum
229 999 342 1067 peccato
352 988 407 1048 levi
420 988 544 1063 actuali,
560 999 610 1048 aut
622 1009 688 1048 cum
708 987 813 1050 affectu
829 989 868 1050 ad
880 993 924 1069 ip·

151 1099 215 1139 oum
230 1121 239 1153 ‚
261 1099 367 1138 novam
382 1099 444 1139 esse
459 1080 595 1160 culpam,
613 1083 722 1140 ratione
736 1083 926 1143 irreverentie

153 1190 218 1250 quae
232 1174 368 1250 irrogatur
382 1172 577 1233 Sacramento.
594 1172 724 1251 Quidam
738 1171 859 1233 afferunt
873 1172 925 1234 de·

152 1277 260 1327 cretum
272 1267 304 1327 S.
315 1267 445 1329 Anacleti
461 1273 506 1342 (2)
517 1311 525 1343 ‚
538 1271 566 1328 in
576 1288 634 1348 quo
643 1267 782 1331 habetur:
797 1271 924 1328 Peracta

151 1364 496 1425 consecrationeomnes
509 1364 747 1433 communicent,
759 1362 813 1440 qui
823 1364 926 1424 nolue-

152 1459 215 1518 rint
239 1456 445 1515 ecclesiasticis
465 1476 567 1515 curere
583 1455 762 1523 liminibua3
782 1455 826 1515 sic
844 1457 924 1517 enim

152 1564 180 1610 et
201 1550 343 1624 Apostoli
365 1561 558 1623 statuerunt,
584 1563 613 1610 et
636 1551 668 1610 S.
689 1552 836 1609 Romanu
852 1563 925 1611 tenet

152 1645 303 1707 Ecclesia.
324 1643 382 1703 Sed
395 1647 424 1703 in
437 1647 536 1723 primis
547 1655 666 1722 negatur
679 1665 695 1704 a
708 1643 741 1702 P.
756 1643 885 1723 scanz,
901 1653 925 1706 et

152 1739 215 1800 aliis
233 1738 310 1818 quod
326 1759 454 1818 unquam
471 1739 555 1799 fuerit
572 1737 625 1798 tale
640 1737 842 1816 Apostolorum
855 1759 925 1819 prae-

154 1844 277 1913 ceptum.
289 1831 443 1905 Secundo,
457 1830 601 1892 decretum
612 1830 707 1906 istud,
721 1841 754 1891 ut
762 1830 863 1892 Glossa
874 1833 924 1891 ibi·
939 1850 942 1855 ·

153 1927 219 1986 dem
236 1937 374 2000 testetur,
390 1935 418 1984 et
435 1925 623 1986 catechismus
638 1945 773 1985 romanus
789 1927 856 2001 (3),
870 1943 932 1985 nou*

110 2077 114 2082 .
142 2023 297 2101 ‘obligabat
314 2041 412 2082 omnes
437 2020 533 2080 fideles
549 2063 557 2095 ‚
588 2019 637 2079 sed
655 2030 768 2081 tantum
783 2023 925 2081 ministros

154 2123 317 2181 assistentes
332 2117 423 2178 altari.
447 2118 481 2176 tt
497 2115 612 2175 landem
632 2118 723 2194 posito
736 2114 816 2194 quod
833 2115 927 2176 decre·

154 2225 216 2274 tum
234 2215 368 2290 obligaret
382 2230 498 2286 omnes,
513 2219 621 2271 certum
633 2218 674 2268 est
686 2207 770 2269 hodie
784 2213 814 2270 in
827 2210 927 2271 desue-

154 2307 286 2369 tudinem
300 2308 412 2366 abiisse.

200 2403 559 2476 150.Euontrario‚errant
567 2409 640 2462 certe
648 2399 767 2480 quidam
775 2399 823 2460 alii
832 2401 928 2462 Direc·

47 2560 50 2567 ,
155 2511 250 2573 tores,
272 2509 299 2557 et
312 2498 434 2558 multum
448 2518 477 2556 se
487 2496 619 2573 elongant
633 2516 649 2554 a
665 2497 763 2575 spiritu
778 2496 929 2573 Ecclesia,

156 2590 246 2661 dum,
264 2593 325 2648 sine
340 2588 398 2649 ullo
414 2599 538 2670 respectu
555 2587 592 2649 ad
608 2590 779 2665 exigentiam
795 2598 846 2648 aut
861 2611 929 2668 pro-

157 2705 282 2766 gressum
292 2687 585 2761 animarum,negaut
596 2681 844 2744 indiscriminatim
854 2705 931 2744 com·

157 2783 325 2843 munionem
341 2778 535 2856 frequentem,
559 2796 616 2838 non
634 2776 689 2837 alia
708 2778 816 2837 ratione
832 2777 932 2857 ducti,

192 2974 230 3034 (ι)
248 2969 303 3021 Lib.
317 2974 349 3031 6,
370 2984 445 3019 num,
457 2984 516 3033 27⁰·
563 2928 567 2935 Ι

191 3071 230 3130 (2)
251 3070 278 3119 C.
291 3069 412 3126 Peracta,
432 3087 446 3118 2
460 3069 524 3119 Dist.
537 3085 551 3116 2
566 3065 599 3117 de
610 3066 729 3119 Consecr.

182 3168 224 3233 (3)
246 3164 356 3223 Catech.
368 3182 437 3221 rom.
450 3163 485 3220 de
493 3163 765 3227 toccanellum„
782 3175 859 3216 uum.
871 3165 914 3214 61.
