1956 3608
80 27 169 113 Ε”Ξ

158 200 494 275 §.rmonmoununrt
506 210 788 261 stentuennoaorr.
810 204 867 265 213

94 302 134 366 ed
150 302 361 385 prosequendas
377 305 614 379 communiones,
634 307 727 385 inquit
743 305 775 366 S.
792 305 873 367 Lau·

94 397 421 471 rentiuanstinianus',
445 408 554 477 oportet
574 408 607 460 ut
631 403 727 460 anima
746 403 871 475 sentiat,

94 497 147 549 aut
160 498 255 566 aperte
270 492 301 548 in
315 507 346 548 se
361 487 501 549 discernat
519 498 704 567 augmentum
727 490 845 550 fervoris
861 511 869 547 τ

96 585 233 664 quoniam
252 603 310 644 non
326 603 390 643 raro
404 581 458 642 hoc
480 581 696 643 Sacramentum
718 595 874 666 operatur,

95 676 206 753 absque
219 693 254 734 eo
269 672 348 754 qnod
364 692 417 734 nos
429 675 482 754 ipsi
498 672 772 743 animadvertamus.
787 676 824 736 Et
834 672 868 737 S.

94 768 298 830 Bonaventnra
314 770 410 847 inquit
423 772 470 840 (1)
487 790 494 826 :
510 768 595 828 Licet
621 769 743 844 tepide,
769 782 871 833 tomen

94 857 255 939 confidens
263 860 300 919 de
308 858 517 918 misericordia
528 858 586 919 Dei
593 857 778 929 fiducialiter
785 879 872 920 occe·

91 951 870 1033 dns,quiuqniseindignumreputat,cogitetquod

92 1059 182 1109 tento
199 1044 298 1123 magis
314 1055 380 1125 eget
396 1045 537 1120 medico,
559 1059 676 1123 quanto
695 1045 822 1106 senserit
840 1065 873 1105 se

91 1150 272 1216 egrotum
286 1157 382 1214 neque
390 1136 457 1197 ideo
469 1137 584 1215 quoeris
599 1141 758 1217 reiungere
766 1140 873 1198 Chris·

89 1247 121 1300 to
134 1277 146 1309 ,
158 1245 193 1292 ut
206 1244 238 1291 tu
251 1229 507 1307 eumsonotifices
521 1270 531 1302 ,
543 1231 597 1289 sed
612 1245 645 1289 ut
655 1244 688 1290 tu
698 1228 908 1305 sanctifice-⁸,

88 1328 136 1388 ris
148 1325 190 1385 ab
206 1323 269 1383 illo.
283 1321 321 1381 Et
334 1329 429 1401 postea
443 1320 559 1381 subdit:
576 1326 683 1401 Neque
691 1323 874 1402 proelermit·

87 1417 190 1482 tendo
198 1429 243 1477 est
251 1427 361 1478 sencio
371 1419 567 1491 communio,
582 1417 609 1477 si
617 1419 802 1496 quandoque
809 1439 873 1478 non

90 1513 185 1577 sentit
211 1510 307 1571 homo
336 1510 499 1587 specialem
523 1511 710 1574 devotionem
738 1533 809 1572 cum
840 1532 872 1574 se

92 1606 139 1667 od
155 1605 244 1664 illam
256 1621 440 1680 prosperare
453 1602 596 1674 studeat,
617 1605 663 1661 oei
675 1604 706 1660 in
718 1605 785 1676 ipsa
797 1626 873 1681 per-

93 1695 252 1775 ceptione,
265 1695 312 1755 vel
324 1707 394 1772 post
400 1695 483 1769 sorte
494 1695 599 1762 minus
609 1693 750 1754 devotum
763 1715 794 1754 se
805 1716 876 1755 sen-

94 1791 151 1862 tit,
166 1808 263 1867 quum
276 1787 371 1850 veliet.
383 1786 456 1863 Ergo
465 1788 538 1846 ben'e
550 1787 636 1846 sentit
646 1784 785 1862 Sanctus,
796 1786 874 1866 quod

95 1885 151 1945 etsi
168 1884 265 1942 anima
280 1882 454 1960 experiretur
465 1885 603 1941 minorem
616 1879 797 1941 devotionem
812 1890 875 1961 post

97 1981 262 2052 susceptam
293 1969 529 2044 Eucharistiam,
561 1991 649 2050 quam
686 1981 795 2044 antea,
822 1993 876 2035 nec

96 2063 283 2131 etiamdebet
294 2068 504 2125 eamomittere.
519 2066 719 2146 Quapropter,
735 2066 878 2143 quemad.-

97 2158 222 2226 rnodum
236 2158 353 2239 quando
367 2163 463 2221 anima
480 2163 567 2220 sentit
584 2179 614 2219 se
629 2162 822 2240 maximopere
838 2159 876 2221 ad

99 2252 333 2316 communionem
357 2253 550 2324 inclinatam,
579 2250 694 2332 expedit
718 2249 876 2315 identidem

99 2368 166 2409 eam
182 2344 354 2405 mortificare
366 2347 596 2404 communionem
604 2345 767 2405 differendo
780 2352 877 2424 (prae-

100 2444 200 2515 sertim
221 2440 244 2498 si
264 2436 428 2498 advertatur
448 2435 526 2516 quod
551 2437 691 2515 perillam
711 2438 879 2515 prohibitio-

101 2556 171 2599 nem
187 2536 316 2595 turbetur
332 2553 339 2601 ;
357 2529 524 2611 hujusmodi
544 2532 621 2591 enim
644 2533 819 2592 contristatio
835 2542 879 2595 est

102 2635 305 2706 argumentum
321 2626 481 2704 superbiae,
495 2644 560 2704 quae
573 2643 636 2684 eam
648 2642 714 2683 vere
728 2622 821 2687 reddit
834 2628 878 2687 iu·

104 2723 222 2801 dignam
233 2730 266 2794 ):
282 2724 340 2797 ita,
358 2740 393 2781 ex
405 2723 554 2800 opposito,
576 2719 692 2799 quando
701 2725 788 2781 sentit
802 2725 833 2780 in
846 2741 878 2782 se

105 2816 281 2891 ariditatem,
297 2824 324 2874 et
335 2813 450 2874 taedium
460 2812 497 2875 ad
509 2813 714 2875 Eucharistiam
723 2815 879 2890 suscipien-

107 2910 177 2972 dam
190 2950 199 2982 ,
224 2907 338 2986 expedit
350 2920 419 2970 tune
432 2908 511 2969 illam
525 2911 628 2986 sapius
640 2907 677 2966 ad
695 2907 879 2966 commuuio-

107 3024 176 3067 nem
192 2999 356 3081 impellere,
380 3012 443 3060 uta
464 3009 640 3060 sacramento
653 3001 727 3057 vires
741 2999 877 3076 acquirat.

144 3124 183 3207 (r)
200 3122 232 3174 Ι).
246 3120 389 3187 moerent.
402 3118 436 3171 de
448 3117 559 3172 Proieci.
571 3117 722 3186 Religiosor.
736 3131 790 3185 cap.
803 3121 843 3184 78.
