1956 3614
10 2968 19 3077 l

188 229 212 307 ς.
225 247 247 288 r.
260 245 300 287 ou
312 243 467 286 onsurouu
483 241 718 284 nuorramours.
741 258 744 262 -
783 224 838 299 ιδῃ

67 335 183 411 nando,
195 346 224 397 et
233 334 385 415 repetendo
391 333 543 415 plusquam
553 332 642 405 alios,
654 339 749 390 actum
758 327 840 388 illum

66 433 116 491 cui
124 431 219 489 anima
228 447 258 487 se
266 430 355 505 magis
363 425 631 485 sentitinclinatam.
643 422 715 483 Dico
724 438 840 479 nexer-

70 529 134 581 ceat
146 539 176 579 se
187 521 219 580 in
230 519 361 597 petendo
374 538 382 588 3
397 537 466 577 narn
484 535 500 575 a
520 515 654 594 petitione
671 532 756 579 omne
771 530 842 572 nos-

70 623 149 674 trum
163 614 270 672 bonurn
286 609 444 689 dependet,
466 617 495 667 et
507 607 540 667 S.
555 607 732 682 Augustinus
748 608 845 686 inquit

72 706 170 767 Deum
185 704 326 765 ordinarie
339 702 449 763 nullam
464 704 582 778 gratiam
597 699 761 759 hominibus
774 720 848 760 con·

73 796 191 871 sedere,
204 805 233 855 et
244 798 398 875 praesertim
412 797 531 871 gratiam
547 794 780 872 perseverantiae,
794 794 848 851 nisi

74 893 126 974 per
138 890 268 953 canalem
284 889 437 967 petitionis.
455 888 598 946 Dominus
612 886 701 947 dixit:
717 887 810 945 Petite
821 902 850 947 et

73 980 242 1059 accipietis.
256 979 347 1056 Ergo,
360 978 503 1040 concludit
513 979 545 1038 S.
560 979 713 1051 Therasia,
728 980 778 1058 qui
790 994 850 1037 non

75 1076 173 1156 petit,
190 1089 248 1131 non
264 1073 373 1151 accipit.
389 1070 590 1159 Quapropter,
605 1074 628 1130 si
643 1071 778 1131 volumus
788 1073 853 1130 ani·

76 1184 159 1227 mam
173 1173 298 1223 nostram
313 1162 442 1237 salvare,
460 1182 572 1223 necesse
583 1172 625 1221 est
639 1182 749 1240 semper
758 1181 853 1238 orare,

78 1270 109 1321 et
119 1268 188 1320 ante
201 1248 295 1317 omnia
308 1266 402 1337 petere
414 1250 652 1336 perseverantiam
667 1298 676 1329 ,
689 1266 717 1316 et
728 1276 854 1317 amorem

79 1375 147 1435 erga
164 1354 269 1413 Deum.
290 1353 327 1411 Iit
340 1350 455 1431 quidem
471 1351 582 1411 nullom
600 1344 711 1433 ternpus
722 1362 857 1432 opportu-

81 1453 152 1512 nius
167 1456 211 1507 est
231 1444 462 1525 adpetendum,
487 1466 575 1526 quam
596 1457 706 1527 ternpus
725 1448 860 1508 orationis

82 1541 231 1607 mentalis.
257 1543 317 1618 Qui
332 1558 390 1599 non
409 1550 489 1614 orat,
509 1536 661 1599 difficiliter
675 1545 764 1618 petit,
790 1547 858 1620 quia

84 1636 241 1709 difficiliter
250 1656 279 1696 se
290 1642 385 1695 actnat
395 1632 432 1693 ad
445 1632 664 1693 considerandas
676 1637 778 1710 gratias
791 1639 861 1714 qui-

84 1736 144 1795 bus
154 1739 238 1809 eget,
252 1738 283 1788 et
296 1730 490 1789 necessitatem
507 1730 596 1806 ipsam
612 1727 725 1805 petendi
737 1750 744 1798 3
759 1738 787 1788 et
799 1728 862 1790 ideo

86 1827 141 1911 qni
155 1844 214 1885 non
228 1823 294 1885 facit
308 1825 484 1897 orationem,
501 1820 652 1882 difficulter
664 1826 693 1882 in
707 1824 760 1882 Dei
776 1826 863 1902 gratia

88 1928 264 2003 perseuerat.
286 1917 358 1977 Dico
373 1917 402 1978 3.
416 1920 446 1975 in
459 1918 640 1991 statuendo,
662 1928 694 1976 ut
705 1921 794 1978 oratio
804 1938 863 1979 non

89 2021 241 2087 remancat
253 2010 445 2087 infructuosa,
464 2020 492 2070 et
504 2013 598 2070 anima
616 2011 732 2071 mandet
743 2031 862 2073 exsecu-

91 2108 166 2170 tioni
188 2126 221 2166 ea
241 2105 350 2165 lumina
365 2126 429 2185 quae
445 2109 475 2165 in
490 2108 616 2165 oratione
631 2108 742 2186 recepit.
761 2106 867 2182 Unde,

93 2198 366 2284 quemadmodum,
383 2203 478 2279 inquit
491 2199 523 2260 S.
538 2201 704 2262 Franciscus
722 2200 870 2277 Salesius,

95 2314 186 2358 uerno
201 2292 286 2353 debet
298 2295 445 2373 imponere
460 2294 547 2353 finem
560 2297 701 2366 orationi,
721 2297 775 2354 nisi
792 2297 870 2375 prius

96 2388 197 2451 fecerit
219 2387 418 2467 particularem
441 2386 567 2466 aliquam
587 2384 871 2463 determinationem,

100 2492 172 2565 puta
194 2479 305 2543 vitandi
324 2480 450 2545 desectm
467 2479 606 2562 quosdam
625 2484 714 2559 magis
735 2481 872 2558 usuales,

102 2588 156 2641 aut
170 2574 319 2639 exeroendi
336 2577 613 2655 virtutemlaliquam
628 2579 722 2659 inqua
741 2598 770 2637 se
785 2582 876 2640 noscit

103 2670 282 2733 debiliorem.
305 2667 446 2729 Videatur
462 2671 531 2730 circa
553 2669 607 2731 hoc
625 2668 702 2749 quod
722 2669 830 2732 dicetur
844 2673 874 2729 in

106 2761 263 2845 appendice
277 2780 375 2824 uersus
389 2760 497 2835 finem,
519 2781 585 2820 cum
600 2760 749 2841 loquemur
764 2758 799 2819 de
814 2762 877 2819 ins-

106 2852 247 2920 tructione
261 2874 312 2935 pro
324 2856 452 2914 oratione
466 2852 582 2914 mentali
597 2853 624 2925 §.
638 2854 692 2913 111.

154 2951 221 3023 aad.
242 2949 344 3027 Exiget
357 2950 442 3025 igitur
454 2946 649 3007 confessarius
666 2947 703 3004 ab
724 2944 877 3007 animabus

109 3044 172 3104 istis
184 3042 322 3101 rationem
337 3039 489 3111 orationis,
507 3033 682 3114 exquirendo
692 3038 728 3096 ab
742 3037 797 3097 illis
808 3057 880 3117 quo-

18 3152 31 3268 p
110 3133 198 3201 ruodo
209 3152 275 3196 eam
288 3131 427 3213 feceriut,
442 3128 878 3206 autsalteursiieoerinmetim-

731 3224 760 3268 Π
