1956 3608
104 207 160 287 176
320 223 425 270 »auxus
442 227 666 299 corrupissent.¹

99 316 151 377 lux
172 337 236 398 que
257 315 340 378 affert
360 336 473 397 ponam
495 328 525 378 et
545 320 770 396 obscuritatem,
794 341 859 403 quo-

98 416 178 473 niam
192 412 290 473 voleus
311 431 342 470 se
360 410 442 471 nodo
454 414 564 493 spiritui
579 417 817 490 communicare,
838 424 862 475 el

97 509 248 566 inveniens
262 525 362 566 sensus
375 517 463 586 atque
479 510 619 587 potentias
632 511 736 569 animae
752 513 798 571 sui
810 530 862 572 nou

100 600 193 662 adhoc
212 621 353 681 capaces,
376 622 412 662 ex
432 622 465 662 eo
485 601 563 682 quod
575 601 705 664 nondum
723 623 862 684 prorsusa

98 695 338 755 consolationibus
346 694 528 755 sensibilibus
536 694 864 773 siutdisjunctae,etcon·

97 798 249 868 sequenter
263 789 478 864 materialibus,
492 807 557 869 quae
571 780 660 869 plenae
670 800 738 851 sunt
753 791 866 867 formis,

97 887 295 963 imaginibus,
318 895 347 944 et
367 885 483 961 figuris,
505 882 633 964 producit
645 886 676 944 in
698 888 797 951 anima
816 886 866 947 ltu·

99 978 223 1058 jusmodi
235 980 363 1039 tenebras
375 989 433 1038 tarn
443 977 577 1038 molestas
589 1020 599 1053 ,
612 977 663 1038 sed
673 977 761 1040 valde
772 981 865 1057 utiles,

97 1074 234 1151 quoniam
243 1090 292 1149 per
300 1074 375 1150 ipsas
383 1073 479 1131 anima
487 1069 661 1150 pervenitad
669 1070 866 1151 alienationem

97 1163 255 1246 quamdam
267 1166 305 1224 ab
315 1166 450 1225 omnibus
461 1162 658 1244 voluptatibus
668 1167 866 1243 sensibilibus,

99 1270 156 1321 tam
183 1261 322 1335 terrenis,
350 1279 439 1340 quam
463 1257 657 1338 spiritualibus
676 1279 687 1316 ι
711 1269 740 1319 et
756 1262 868 1342 insuper

97 1357 217 1433 acquirit
236 1374 370 1431 magnam
393 1373 512 1412 suarum
537 1354 716 1412 miseriarum
734 1356 868 1432 cognitio-

96 1464 184 1517 nem,
197 1454 283 1522 atque
296 1445 470 1522 impotentia
485 1442 523 1502 ad
537 1440 662 1522 quodvis
674 1463 747 1522 opus
762 1446 868 1507 bonum

98 1536 323 1616 perficiendum,
347 1548 376 1598 et
400 1537 486 1598 simul
510 1557 644 1616 magnam
677 1557 742 1616 erga
776 1539 868 1599 Deum

97 1635 334 1707 venerationem,
352 1633 404 1712 qui
418 1631 459 1691 illi
473 1641 689 1711 representatur
700 1632 869 1693 venerabilis

98 1733 127 1783 et
142 1723 281 1784 terribilis.
302 1722 402 1784 lohoc
416 1733 491 1783 statu
507 1723 635 1783 Director
645 1720 732 1783 debet
744 1727 868 1784 animaru

100 1816 255 1876 consonare
273 1816 309 1876 ad
327 1815 481 1894 sperandas
498 1834 542 1874 res
558 1835 676 1892 magnas
690 1835 707 1875 a
723 1817 787 1877 Deo
799 1858 810 1891 ,
823 1819 868 1894 qui

100 1907 136 1968 ad
152 1907 228 1968 hunc
244 1908 332 1968 linem
347 1912 385 1969 ita
400 1926 433 1989 pe
446 1910 517 1987 gerit
530 1929 596 1969 cnm
611 1928 655 1968 ea.
679 1908 813 1969 Ir'rsinuet
827 1910 869 1984 ei,

101 2022 138 2061 ne
152 2011 269 2062 conetur
288 2022 319 2063 se
336 2021 465 2064 exercere
483 2004 514 2062 in
533 2000 741 2078 meditatione,
770 2002 821 2064 sed
840 2011 868 2062 ut

100 2098 232 2159 humiliet
252 2119 300 2172 se,
325 2100 411 2158 facian
432 2107 512 2158 actos
532 2095 703 2171 oblationis,
727 2105 868 2179 totamque

99 2214 129 2253 se
143 2195 203 2252 lieo
211 2194 381 2265 committat,
397 2191 598 2270 perfectissime
607 2195 746 2267 resignata
752 2191 868 2273 disposi-

102 2287 466 2363 tionibussuaevotuntatis‚
477 2305 541 2365 quae
550 2295 606 2345 tota
617 2284 706 2346 tendit
715 2284 867 2348 adbouum

101 2390 240 2440 nostrum.

144 2498 208 2554 rap.
231 2474 297 2535 Post
323 2473 397 2534 hanc
425 2473 620 2551 purgationem
646 2489 774 2547 sensus,
800 2470 868 2533 solet

98 2571 242 2631 Dominus
252 2567 404 2628 concedere
410 2565 519 2624 donum
526 2564 776 2644 contemplationis
786 2608 796 2641 ,
807 2583 868 2648 que

98 2663 201 2724 dicitur
218 2659 336 2737 gaudii,
361 2658 464 2719 scilicet
481 2658 683 2719 recollectionis
696 2671 868 2739 supernatu-

97 2759 183 2833 ralis,
196 2758 316 2836 quietis,
330 2765 359 2815 et
371 2757 485 2815 unionis
499 2754 537 2814 de
551 2776 607 2835 qua
624 2754 760 2835 deinceps
775 2757 868 2837 loque·

99 2875 163 2916 mur
176 2875 183 2925 ;
198 2852 323 2912 sedante
334 2853 488 2925 unionem,
509 2860 536 2908 et
552 2859 613 2929 post
625 2849 867 2926 recollecturum,

98 2960 126 3009 et
137 2951 280 3028 quietem,
298 2944 367 3006 solet
383 2947 460 3004 Deus
470 2963 588 3022 purgare
599 2945 727 3003 animum
739 2943 867 3006 ariditate

99 3045 232 3119 spiritus,
246 3058 310 3117 quae
322 3038 425 3098 dicitur
438 3035 553 3096 ariditas
564 3036 796 3108 substantiolis,
811 3056 866 3117 qna

98 3134 243 3193 Dominus
269 3131 332 3191 vult
358 3141 390 3190 ut
418 3132 514 3190 anima
543 3149 572 3189 se
605 3138 692 3189 totam
717 3131 747 3188 in
776 3133 865 3210 seipsa
