1956 3608
174 201 214 265 30
388 216 495 263 uraris
516 207 723 272 commestam

169 306 307 367 ferrarius
323 303 397 365 nihil
413 305 493 367 alind
512 317 623 368 tenetur
643 308 814 385 interrogare
831 311 888 377 (r).
905 302 945 368 ll.

173 399 363 476 Notandum,
382 384 486 461 mellus
502 421 565 462 esse
580 405 603 462 si
624 401 821 462 Contessnius
836 401 946 478 sigilla-

174 495 224 553 tim
239 496 384 555 examinet
398 505 510 574 peccata
525 498 621 578 statim
632 517 666 557 ac
675 514 709 557 ea
720 497 837 574 exponit
849 495 947 563 Poeui-

173 598 256 661 tens,
275 607 363 667 quam
377 598 410 648 ut
423 589 537 651 differat·
547 609 670 651 examen
682 607 773 668 usque
784 590 821 650 ad
836 589 947 661 finemr

173 684 238 762 qnia
255 691 306 742 aut
319 681 439 744 faciliter
450 684 649 744 confessarius
663 683 948 746 obliviscitureorum

97 838 101 847 ,
172 781 237 855 'que
247 774 382 856 audivit,
394 786 445 837 aut
456 775 625 856 obligandus
638 786 711 837 esset
721 776 868 838 Poenitens
880 784 948 839 cuni

173 886 224 928 suo
238 869 317 946 graui
328 868 422 929 ‚onere
439 867 476 928 ad
492 868 645 948 repetenda
664 868 792 930 consessa
809 872 823 937 (
843 877 867 941 ).
892 870 950 931 111.

172 959 274 1020 Errare
287 979 336 1020 eos
348 960 546 1020 confessarios
560 963 610 1040 qui
626 960 728 1020 volunt
740 969 849 1022 certum
867 959 950 1039 judi-

172 1052 249 1110 cium
266 1049 358 1111 lacere
380 1047 416 1108 de
436 1053 542 1130 peccati
563 1050 723 1131 qualitate,
736 1071 774 1111 an
787 1055 823 1110 sit
841 1072 947 1130 grave,

108 1150 111 1155 '
173 1143 221 1204 vel
236 1143 317 1220 leve,
332 1143 510 1224 exquirendo
523 1165 539 1206 a
556 1143 676 1206 rudibus
689 1149 750 1206 istis
764 1149 787 1204 si
803 1167 854 1226 pro
869 1167 949 1208 mor-

173 1239 221 1300 tali
235 1238 381 1300 habebant
395 1259 432 1300 an
450 1260 500 1319 pro
514 1240 622 1302 veniali
637 1260 644 1311 ;
660 1240 691 1301 hi
704 1244 782 1302 enim
802 1242 948 1304 multoties

174 1332 347 1413 respondent
360 1343 393 1394 ut
407 1354 489 1395 casus
504 1335 557 1394 sibi
578 1336 665 1396 verba
689 1338 832 1414 suggerit,
855 1347 883 1401 et
896 1337 950 1399 huc

175 1430 347 1508 experientia
368 1439 513 1508 testatur,
537 1440 570 1491 ut
589 1449 640 1508 ego
662 1431 766 1492 millies
787 1433 949 1495 observavi.

177 1523 265 1602 Quod
273 1526 297 1583 si
305 1525 594 1606 confessariuspaulo
603 1537 666 1608 pout
675 1529 778 1588 iterum
788 1529 950 1607 interroget,

162 1618 350 1700 'respondent
368 1619 453 1681 modo
467 1630 524 1681 toto
542 1640 558 1681 a
574 1624 667 1701 primo
681 1621 804 1685 diverso.
819 1622 874 1683 tv.
889 1622 951 1683 Ad⁴

177 1717 347 1778 vertendum
362 1721 433 1779 circa
456 1736 609 1779 numerum
630 1729 808 1798 peccatorum
827 1735 959 1801 quomm'

178 1833 267 1894 pravo
287 1813 386 1873 habitu
409 1812 498 1892 aliqui
519 1821 670 1888 tenentur,
693 1835 760 1876 curn
781 1833 840 1875 non
862 1818 951 1894 possit

176 1909 275 1969 haberi
296 1926 434 1969 numerus
454 1916 567 1981 certus,
587 1917 665 1968 curet
680 1907 878 1968 confessarius
892 1921 967 1972 sta-'

178 2013 240 2062 tum
254 2002 421 2061 Poenitentis
435 2020 619 2077 cognoscere,
636 2020 741 2080 nempe
754 1999 873 2060 vivendi
888 2023 953 2064 rno-

178 2094 248 2179 dum
263 2095 391 2176 ,applica
398 2098 501 2154 tionem
516 2114 604 2172 quarn
619 2093 760 2174 impendit
774 2093 810 2154 ad
826 2094 882 2155 alia
899 2116 953 2156 ne-

179 2193 271 2267 gotia,
287 2187 618 2268 tempuscunsueludinis
629 2207 693 2247 cunr
706 2179 860 2265 complice,
874 2187 953 2250 locus

180 2287 229 2343 ubi
242 2286 419 2362 potissimum
433 2292 558 2341 moratus
573 2291 630 2354 est,
643 2291 672 2340 et
685 2279 789 2340 deinde
802 2283 954 2361 interroget

181 2377 217 2438 de
239 2398 380 2450 numeru,
406 2374 605 2453 interrogando
629 2375 816 2434 Poeuiterttem
842 2379 954 2452 quoties

181 2474 288 2532 circiter
300 2472 456 2550 peccaverit
468 2473 496 2528 in
509 2467 572 2538 die,
588 2477 637 2526 aut
652 2469 681 2525 in
695 2463 893 2541 hebdomada,
904 2476 955 2528 aul

183 2581 303 2636 mense,
324 2580 487 2640 proponens
502 2562 527 2617 ei
544 2557 638 2637 plures
652 2575 806 2634 numeros,
828 2577 874 2617 ex.
892 2579 954 2637 gn,

183 2668 225 2716 ter
244 2666 294 2717 aut
316 2665 436 2736 quater,
450 2657 535 2716 octies
555 2653 602 2712 vel
615 2652 728 2728 decies,
748 2662 782 2715 ut
797 2653 895 2714 videat
909 2655 954 2717 cui

183 2768 303 2809 numero
318 2751 410 2829 potius
424 2746 470 2806 ille
484 2745 643 2806 adhereat:
660 2754 689 2804 et
701 2747 726 2804 si
739 2743 884 2805 Poeniteus
899 2764 955 2804 nu·

184 2863 263 2904 mero
287 2844 387 2920 majori
408 2839 554 2916 adhaeret,
576 2841 716 2918 optimum
736 2836 812 2903 tactu
835 2841 909 2915 erit,
931 2840 955 2898 si

186 2940 288 2995 iterum
310 2938 496 3011 interrogetur
517 2930 554 2991 de
575 2950 695 2992 nurnero
716 2928 830 3008 majori.
850 2930 911 2999 Sed
925 2931 955 2992 itt

154 3119 160 3126 ’
223 3135 259 3198 (ι)
279 3131 331 3195 lbi,
351 3132 383 3184 ad
397 3149 470 3185 num.
482 3131 520 3185 ΙΙ.
622 3135 661 3197 (2)
678 3131 730 3193 lbi,
746 3131 779 3197 nd
792 3146 867 3184 utrm.
878 3133 926 3193 lli,
