1956 3608
297 221 324 301 §.
342 246 367 285 r.
388 244 455 287 corr
468 244 592 302 romu,
608 234 661 291 etc.
809 214 881 293 133'

91 328 160 393 dam
181 340 278 393 autem
292 333 400 397 dictum
415 347 458 397 est
474 358 578 418 sopra,
598 360 684 399 num.
701 338 760 412 35,
778 356 868 417 quarn

92 427 293 501 gravissimum
304 430 341 486 sit
350 438 513 507 peccatum,
527 428 603 508 quod
615 438 728 509 patrant
738 439 869 509 parentes

94 514 156 589 itti,
177 519 230 596 qui
249 516 324 577 filios
346 528 452 598 cogunt
468 528 501 578 ut
523 530 628 580 statum
646 521 867 583 ecclesiasticum

94 617 144 666 aut
159 608 320 686 religiosum
344 612 428 670 inviti
445 613 611 690 suscipiant.
638 611 743 689 Quoad
758 611 868 692 puellas

94 718 162 761 vero
177 722 244 782 que
263 706 454 781 virginitatem
476 723 559 764 suaru
581 706 648 765 Jesu
668 705 783 765 Christo
798 727 869 767 con·

94 810 203 853 sectare
226 796 366 873 cupiunt,
391 814 453 854 non
479 798 624 874 permittat
647 799 688 855 eis
710 800 868 857 castitatem

93 897 359 967 perpetuovovere‚
373 889 641 965 nisicognos'rateas
652 890 725 948 benc
735 888 870 951 fundatas

93 979 124 1037 in
138 979 314 1051 virtutibus,
330 986 359 1041 et
373 978 486 1040 edoctas
507 983 536 1039 iu
559 983 625 1041 vitae
644 980 801 1060 spiritualis
823 999 871 1040 re-

92 1071 188 1149 gulis,
215 1080 243 1132 et
261 1076 399 1153 precipue
417 1077 447 1133 iu
463 1077 590 1135 oratione
604 1078 781 1135 exercitatas.
805 1076 870 1136 Sub

93 1166 179 1225 initio
187 1167 229 1225 eis
243 1175 356 1226 tantum
370 1170 529 1246 permittere
543 1179 653 1247 potest,
667 1179 700 1229 ot
709 1173 869 1229 castitatem

94 1271 222 1322 voveant
236 1261 410 1341 perattquot
421 1263 571 1322 definitum
586 1274 717 1344 tempus,
731 1267 869 1324 nimiruru

94 1377 109 1416 a
127 1353 308 1419 solemnitate
320 1356 439 1434 aiicujus
454 1359 517 1418 iesti
532 1357 569 1419 ad
583 1359 669 1419 aliam
680 1358 807 1419 alterius.

128 1455 179 1528 94.
192 1448 330 1523 Demum‚
339 1450 701 1530 quoadadoIesceutesiiios
709 1455 759 1534 qui
769 1453 869 1514 volunt

96 1551 147 1601 aut
161 1538 266 1600 debent
280 1539 382 1601 ducere
401 1563 517 1603 uxorem
536 1543 622 1611 (dico
642 1544 768 1618 debent,
787 1556 870 1625 prout

95 1636 248 1715 probatum
267 1637 353 1693 estin
372 1634 443 1693 libro
464 1636 534 1710 (1),
558 1634 700 1713 loquendo
719 1636 754 1696 de
771 1640 805 1697 iis
818 1641 871 1717 qui

95 1738 190 1787 essent
204 1729 431 1802 incontinentes,
445 1736 473 1789 et
483 1726 735 1787 noiieutadhibere
746 1728 800 1789 alia
812 1749 871 1789 me·

96 1821 142 1883 dia
160 1832 317 1903 opportuna
328 1821 364 1881 ad
376 1843 405 1883 se
416 1822 622 1898 continendos,
636 1833 649 1896 >
661 1822 870 1885 advertendum

96 1916 176 1998 quod
187 1921 259 1977 sicut
270 1927 417 1996 peccarent
427 1928 557 1995 parentes
568 1922 616 1996 qui
627 1922 688 1978 sine
699 1918 773 1995 justa
784 1938 870 1981 causa

97 2013 139 2072 eis
156 2009 307 2070 honestum
323 2012 538 2069 matrimonium
558 2009 728 2090 impedirent
748 2016 810 2085 (π),
829 2016 867 2074 ita

96 2112 196 2166 contra
211 2114 357 2182 peccarent
370 2103 423 2163 iiiii
441 2107 491 2172 (et
504 2103 568 2165 ideo
577 2102 774 2163 confessarius
784 2113 873 2164 tene·

98 2206 147 2257 tur
158 2194 212 2255 iliis
221 2196 273 2258 hoc
286 2196 471 2277 prohibere),
482 2200 531 2278 qui
544 2198 649 2258 velient
659 2217 725 2259 cum
736 2194 873 2259 dedecore

97 2290 215 2353 familiae
228 2294 440 2350 matrimonium
456 2296 527 2352 inire
540 2316 548 2364 ;
563 2303 612 2352 aut
624 2296 758 2373 quamvis
767 2296 873 2369 conju-

99 2388 179 2464 gium
194 2403 252 2443 non
266 2391 339 2443 esset
354 2381 517 2443 indecorum
532 2429 542 2460 ‚
562 2385 669 2445 velient
686 2396 783 2446 tamen
800 2383 872 2443 iliud

99 2477 284 2547 contrahere,
307 2480 406 2537 invitis
432 2478 617 2556 parentibus,
645 2490 673 2538 et
689 2498 756 2539 cum
772 2496 887 2552 eorum,

100 2571 256 2645 scandalo,
278 2576 347 2651 quin
363 2575 415 2652 ipsi
430 2573 481 2632 fiiii
496 2576 601 2649 justam
615 2592 730 2635 causam
747 2571 873 2635 habeant

101 2668 139 2728 ob
153 2685 240 2743 quam
256 2675 444 2734 crumentum
460 2667 579 2729 observa
597 2663 742 2748 quomodo
754 2668 786 2729 iu
799 2664 874 2726 libro

102 2757 133 2819 id
147 2756 321 2819 elucidatum
336 2767 379 2818 est
392 2759 449 2829 (3).

137 2950 176 3010 (ι)
192 2945 294 3006 Lib-6,
310 2961 386 2998 uum.
400 2949 441 3009 75.

138 3044 176 3104 (a)
194 3042 274 3092 Num.
286 3044 352 3098 8⁵0,
369 3055 395 3093 v.
408 3038 587 3093 Conveniunt.

138 3136 176 3200 (3)
194 3134 275 3189 Num.
290 3134 348 3202 849.
