1956 3608
262 195 290 268 §.
306 213 340 256 v.
358 210 526 254 :macnus
540 198 624 255 vm
632 220 646 268 ,1
662 203 715 254 etc.
816 215 869 257 aar

87 303 256 365 obedientia
273 305 401 366 consistit
421 304 543 379 incito,
561 301 703 375 fideliter,
724 301 875 377 alacriter,

85 409 119 458 et
131 401 197 458 sine
207 396 264 458 ullo
275 397 381 475 judicio
389 395 685 471 obediendo‚uullam
695 394 876 477 exquirendo

86 495 253 564 rationem,
268 494 379 572 quoties
398 509 443 550 res
460 488 540 567 iussa
556 493 666 551 nonsit
681 501 757 553 certe
770 509 875 572 pecca-

89 596 180 661 tum,
204 595 236 646 ut
257 589 395 667 inquiunt
417 583 473 645 SS.
491 583 680 660 Bemardus‚
703 586 876 648 Franciscus

86 678 240 752 salesius,
263 679 393 756 lguatius
410 675 540 757 Loyola‚
556 685 585 735 et
603 694 703 735 omnes
720 677 873 756 spiritualis
962 740 967 752 ,

84 775 161 832 vitae
174 773 300 850 magistri
317 793 324 831 ε
340 781 369 831 et
384 775 416 831 in
430 771 515 830 rebus
528 769 624 829 dubiis
638 769 740 847 eligere
750 767 780 828 id
796 770 873 848 quod

83 869 273 946 praesurpitur
282 863 361 944 quud
375 862 504 941 jussisset
517 861 700 936 obedieutia';
716 873 745 923 et
756 862 874 943 quaudo

84 959 150 1023 hec
173 962 360 1040 presumptio
381 979 440 1020 non
463 958 699 1040 penetraturi,
723 957 753 1019 id
771 958 875 1037 eligere

83 1053 167 1136 quod
193 1055 283 1132 magis
307 1056 412 1114 nostris
438 1053 672 1116 inclinationibus
692 1052 872 1116 adversatur.

84 1151 152 1213 Hoc
165 1159 210 1211 est
230 1149 301 1210 illud
322 1152 406 1212 vince
430 1165 458 1212 te
479 1153 582 1227 ipsum
599 1154 681 1210 toties
696 1150 871 1211 inculcatum

85 1266 101 1306 a
118 1245 152 1305 S.
171 1245 322 1304 Francisco
334 1242 484 1316 Xaverio‚
499 1253 529 1302 et
538 1243 570 1302 S.
584 1243 697 1321 Ignatio
710 1246 760 1322 qui
771 1243 872 1304 solitus

83 1348 149 1400 erat
159 1335 252 1397 dicere
261 1334 369 1423 ‚plunge
382 1335 472 1416 pluris
482 1336 618 1416 profioere
627 1340 756 1400 animam
770 1341 871 1400 morti·
919 1385 923 1393 -

85 1433 232 1495 ficationis
248 1433 370 1515 amicam
386 1432 471 1495 unico
483 1429 560 1495 ho'rae
574 1430 737 1517 quadrante
749 1469 760 1509 ‚-
780 1452 870 1514 quam

85 1520 158 1586 alias
174 1541 235 1583 uon·
248 1523 433 1584 mortificatas
447 1523 648 1601 perplurimas
661 1525 758 1587 horas.

132 1618 199 1679 168.
213 1615 271 1676 IX.
283 1612 440 1676 Atteudere
453 1633 566 1696 semper
579 1617 686 1676 divinae
701 1621 867 1697 presentia.

85 1714 189 1794 Inquit
200 1711 231 1773 S.
243 1710 403 1773 Theresia=
422 1712 522 1774 Omne
539 1712 659 1775 molum
676 1712 814 1788 provenit
825 1731 867 1773 ex

85 1828 120 1869 eo
136 1805 222 1886 quod
234 1826 297 1866 non
311 1803 537 1866 consideremus
554 1805 656 1864 Deum
669 1815 865 1882 prasentem.

85 1901 147 1978 Qui
172 1918 239 1960 vere
263 1907 359 1972 amat,
387 1915 537 1976 nunquam
565 1895 743 1975 obliviscitur
765 1897 868 1974 objecti
923 1940 926 1945 ,

83 1996 186 2055 amati.
207 1990 254 2052 Ad
269 1989 495 2053 conservandam
510 2010 579 2052 vero
594 1995 763 2052 memoriam
777 1990 867 2069 hujus
907 2037 911 2042 .

85 2084 194 2146 divine
206 2085 361 2164 presentie
374 2081 459 2160 juvat
471 2084 502 2142 in
517 2084 597 2163 praxi
611 2081 729 2164 aliquod
746 2081 867 2162 speciale

84 2180 200 2256 signum
224 2185 354 2254 gestare,
382 2175 429 2236 vel
454 2177 528 2236 iutra
554 2174 720 2237 cubiculum
747 2173 864 2237 habere.

84 2272 215 2332 Maxime
230 2289 298 2330 vero
322 2278 432 2342 oportet
452 2269 529 2330 hauc
548 2272 729 2350 presentiam
745 2268 863 2346 fovere,

84 2367 188 2448 saepius
204 2367 235 2424 iu
251 2362 298 2423 die
313 2359 467 2442 repetendo
481 2358 680 2424 actus'amoris
697 2367 728 2423 iu
743 2365 863 2440 Deum,

83 2471 112 2522 et
132 2457 255 2541 petendo
277 2456 416 2519 'divinum
446 2475 583 2518 amorem.
616 2459 670 2518 Ex.
693 2477 759 2535 gu,
782 2459 864 2538 Deus

82 2576 186 2632 meus,
198 2565 227 2616 et
239 2556 347 2616 omnia.
370 2552 497 2632 Diligam
513 2561 540 2613 te
553 2571 589 2614 ex
606 2561 665 2614 toto
685 2551 770 2614 corde
785 2573 862 2617 meo.

82 2651 192 2712 Totum
208 2669 256 2710 me
273 2650 324 2709 tibi
345 2646 392 2708 do.
422 2649 480 2710 Fac
500 2648 536 2722 de
559 2669 606 2710 me
626 2647 704 2731 quod
722 2651 773 2713 tibi
794 2651 860 2732 pla-

82 2746 182 2806 cuerit.
207 2742 257 2804 Nil
272 2740 351 2803 aliud
366 2740 431 2803 volo
445 2743 501 2802 nisi
517 2752 565 2820 te,
582 2753 611 2803 et
625 2750 704 2805 tuam
719 2745 860 2805 voluuta—
887 2769 891 2776 ·

82 2849 153 2900 tem.
188 2837 234 2897 Da
258 2836 329 2898 mihi
353 2856 479 2898 amorem
502 2846 605 2916 tuum,
634 2847 664 2897 et
687 2836 769 2911 dives
794 2856 859 2894 sum

81 2935 169 3008 satis,
194 2940 247 2991 etc.
274 2931 493 2997 Advertendum
510 2943 607 2992 tamen
625 2927 761 3009 estquod
778 2937 859 3001 actus

81 3029 127 3088 isti
142 3023 276 3109 faciendi
283 3036 359 3089 suut·
371 3029 443 3086 sine.
454 3022 513 3085 ulla
529 3025 580 3096 ri,
606 3032 634 3082 et
647 3021 758 3083 nullam
775 3021 854 3085 desi-

81 3116 207 3185 derando
225 3117 447 3187 consolationem
473 3111 669 3188 sensibilem
705 3113 756 3176 sed
785 3138 853 3180 cum
953 3124 955 3151 ³

672 3210 756 3277 Kb
