1956 3608
216 197 245 270 §.
259 213 304 256 rr.
323 205 407 254 crnct
421 208 533 252 runrcrs
548 209 705 251 orrrcrun.
807 190 842 252 51

81 302 507 384 peoeatum.2.1nterrogetur‚
533 319 620 380 quare
638 298 795 376 laboravit,
811 318 850 360 an

81 414 130 474 per
139 395 259 471 regionis
267 389 574 453 consuetudinemi’an
585 392 621 453 ob
631 389 852 453 necessitarem?

81 489 193 549 Verum
214 496 257 547 est
275 483 354 566 quod
368 493 518 565 paupertas
534 493 626 565 potest
643 504 799 559 excusare,
818 492 852 545 ut

81 581 249 662 pierumque
261 589 435 641 excusantur
446 597 600 658 pauperes,
614 580 663 657 qui
675 581 698 638 si
705 599 763 639 non
773 577 851 639 labo·

81 683 168 747 rant,
185 691 244 733 non
259 679 378 752 possunt
391 689 439 747 se,
457 679 509 731 sut
527 668 666 729 familiam
686 689 768 731 suam
788 690 852 731 sus·

81 775 191 828 tentare
208 770 255 839 (ι)
268 785 276 836 ;
289 776 322 824 ut
336 765 424 823 etiam
435 773 606 825 excusantur
615 762 654 821 iiii
666 765 715 841 qui
725 762 772 821 die
782 761 852 824 festo

81 867 176 919 vestes
191 859 348 918 resarciunt
360 874 454 928 ‚cnm
467 874 526 913 non
540 854 649 933 possint
658 853 759 913 diebus
769 853 855 915 feria-

81 948 157 1010 iibus
173 949 233 1023 (ο).
250 946 309 1007 Sed
320 954 427 1026 oportet
439 944 522 1005 rudes
537 946 574 1006 ab
587 964 679 1005 errore
688 943 856 1021 tinnovero,

81 1045 133 1125 qui
149 1040 223 1103 falso
236 1050 338 1122 putant
355 1059 435 1121 posse
453 1039 581 1101 laborare
598 1037 646 1099 tte
661 1038 759 1116 sesto,
785 1058 853 1103 cum

81 1137 228 1197 laboratur
252 1154 302 1214 pro
325 1133 433 1195 familia
464 1153 540 1208 sua,
575 1142 603 1193 et
626 1135 688 1192 sine
711 1130 852 1194 mercede.

81 1228 170 1290 Muto
184 1226 254 1286 DD.
269 1235 405 1287 excusam
416 1243 463 1285 eos
475 1229 525 1306 qni
537 1225 685 1300 laborant,
699 1233 732 1284 ut
744 1225 855 1303 fugiant

81 1326 197 1396 otium,
218 1322 254 1380 nb
273 1320 350 1401 quod
364 1323 394 1380 in
414 1318 553 1401 probabili
575 1317 708 1400 percandi
730 1319 854 1400 periculo

81 1423 197 1486 essent3
213 1413 262 1473 sed
276 1412 335 1475 hec
350 1416 445 1494 opinio
459 1433 517 1475 non
531 1412 654 1474 admissa
668 1423 732 1488 est,
752 1416 807 1475 nisi
822 1417 853 1475 in

81 1527 150 1570 casu
173 1507 332 1580 rarissimo,
357 1508 388 1565 in
409 1525 468 1584 quo
482 1515 550 1566 tunc
569 1515 741 1566 vexarentur
761 1515 855 1566 tenta-

81 1605 161 1663 tione
177 1602 216 1660 ita
231 1599 371 1672 molesta,
396 1608 428 1658 ut
454 1601 580 1678 superari
602 1618 663 1658 non
688 1602 776 1678 possit
798 1602 853 1659 nisi

81 1689 249 1756 laborando.
262 1689 508 1765 Nonnulliservi,
524 1698 575 1750 aut
586 1689 686 1750 iamuli
698 1689 854 1769 aliquando

81 1789 172 1848 coacti
187 1796 254 1846 sunt
269 1806 285 1845 a
299 1784 423 1846 dominis
440 1784 478 1845 ad
492 1785 653 1866 frequenter
665 1784 852 1845 laborandum

81 1881 219 1956 infesto,
244 1891 274 1940 et
296 1882 383 1941 etiarn
406 1879 442 1940 ad
460 1900 571 1941 sacrum
587 1879 777 1941 omittendum
793 1901 802 1951 ς
823 1880 855 1941 hi

81 1986 218 2039 tenentur
230 1975 372 2038 discedere
385 1976 422 2035 ab
435 1972 599 2053 hujusmodi
612 1976 753 2052 dominis,
767 1975 855 2037 dum·

81 2070 174 2134 ruodo
186 2090 247 2130 non
259 2090 288 2129 se
301 2070 451 2149 obligarint
463 2067 657 2150 chyrographo
669 2072 790 2141 servire3
805 2080 857 2131 aut

84 2164 245 2228 dummodo
260 2163 336 2244 justo
350 2168 450 2226 timore
464 2184 523 2224 non
538 2167 733 2240 incutiuntur,
755 2184 793 2225 ne
810 2185 856 2226 re-

84 2262 240 2348 pugnando
254 2282 339 2341 grave
357 2260 571 2323 incommodum
589 2263 710 2322 subituri
728 2264 796 2324 sint.
819 2264 857 2326 Et

84 2359 192 2440 pariter
213 2355 268 2415 hac
289 2353 348 2413 sola
367 2354 475 2414 ratione
492 2363 612 2432 possunt
630 2356 756 2415 excusari
782 2355 857 2431 filii,

83 2451 221 2515 mulieres
235 2446 272 2510 ad
285 2445 473 2509 laborandum
486 2449 516 2506 in
532 2446 610 2506 festis
625 2450 712 2508 coacti
725 2469 741 2508 a
754 2468 858 2528 paren-

86 2548 185 2619 tibus,
210 2551 260 2603 aut
274 2544 343 2602 viris
363 2543 419 2616 (3).
434 2543 590 2620 interroget
604 2544 709 2618 etiarn,
728 2545 752 2603 si
766 2544 796 2604 in
808 2545 859 2605 ri·

86 2639 183 2717 giliis,
207 2630 443 2714 quadragesima,
469 2634 538 2695 feria
562 2644 663 2711 suta,
687 2645 717 2697 et
737 2637 857 2700 sabbato

86 2729 263 2794 comederint
278 2728 355 2789 cibos
370 2729 497 2790 vetitos?

129 2829 182 2900 34.
202 2827 296 2886 Crnst
323 2825 368 2886 lv
400 2828 605 2906 Proeceptum.
635 2827 669 2888 si
687 2829 859 2890 confitentur
952 2853 955 2860 ·

122 3015 165 3076 (ι)
181 3009 262 3068 Num.
272 3013 333 3081 397.
569 3019 607 3079 (a)
624 3012 692 3066 Ibid.

125 3107 164 3173 (3)
181 3105 210 3162 L.
222 3107 255 3178 3,
267 3124 343 3162 nuru.
354 3111 413 3178 296.

673 3187 699 3249 C
719 3209 741 3247 a
