1956 3608
119 236 124 242 '
161 227 189 306 §-
200 244 498 305 reputemusque
508 242 789 292 sacssusuronurr.
810 236 867 298 205

101 358 190 418 quam
205 341 270 427 quia
286 338 419 419 frequens
430 349 484 399 est.
498 339 564 419 lpse
578 339 766 400 catechismus
779 360 873 400 roma·

101 452 158 493 nus
167 436 217 504 (r)
230 432 374 512 explicans
390 431 561 491 desiderium
575 433 608 493 S.
621 434 731 494 concilii
743 433 872 494 Triden-

100 526 172 597 tini,
195 535 227 585 ut
244 545 343 585 omnes
359 523 496 584 sacrificio
512 523 607 585 Missa
626 525 771 587 adstantes
789 546 871 586 com-

101 623 267 694 municent,
293 620 376 680 docet
396 638 458 679 esse
479 615 604 679 officium
631 619 746 682 Parocbi
771 621 872 683 sedulo
951 656 957 667 =

99 711 203 774 hortari
226 713 323 774 lideles
340 712 377 774 ad
395 715 629 774 communionem
645 733 703 773 non
717 715 802 774 modo
816 717 868 777 ire·

102 820 260 890 quantem,
277 810 327 870 sed
345 812 432 868 etiam
448 807 647 888 quotidianam
662 830 669 865 ε
686 829 751 868 cum
766 810 877 886 obliga-

101 906 177 964 tione
192 901 352 962 instruendi
368 901 450 976 illos,
467 900 545 981 quod
561 904 633 962 sicut
652 921 772 981 corpus,
794 905 833 962 ita
847 915 876 964 et

100 999 198 1058 anima
213 1004 274 1072 egel
287 993 455 1074 quotidiano
467 995 613 1055 alimento.
633 994 820 1055 l'raetermitto
830 995 877 1058 bic

99 1090 201 1153 afferre
221 1089 534 1164 sanctorum-Petrum,
552 1100 580 1150 et
595 1093 792 1166 magistrorum
813 1093 876 1171 spi-

100 1188 173 1246 ritus
182 1187 361 1245 auctoritates
369 1187 488 1243 omnino
498 1184 876 1260 conformes,quoniamhae

101 1283 283 1361 reperiuntur
296 1278 438 1338 adnotata
454 1282 483 1336 in
500 1286 539 1336 tot
554 1278 631 1337 libris
645 1281 695 1356 qui
710 1287 830 1338 tractant
841 1277 878 1340 de
893 1270 897 1275 ’

100 1375 246 1453 frequenti
265 1373 476 1432 communione.
501 1368 632 1432 Sufficiat
653 1374 724 1434 seire
745 1392 780 1433 ex
800 1383 877 1435 eate-

100 1468 212 1530 ebismo
226 1486 362 1539 romano,
385 1465 444 1526 loco
458 1486 542 1546 supra
557 1469 661 1540 citato,
678 1476 705 1526 et
720 1485 756 1527 ex
767 1464 879 1528 decreto

100 1562 263 1622 Innocenlii
283 1560 349 1631 Xl,
368 1559 455 1617 relato
474 1562 504 1616 in
520 1569 617 1617 nostro
630 1558 701 1619 libro
717 1566 780 1635 (2),
797 1550 876 1641 quod

101 1655 238 1734 frequens
252 1654 465 1714 communionis
479 1671 567 1725 usus,
585 1653 675 1710 immo
691 1656 877 1730 quotidianus

102 1746 158 1807 luit
171 1755 282 1825 semper
299 1747 336 1805 ab
357 1743 503 1820 Ecclesia,
521 1752 550 1802 et
571 1743 608 1801 ab
630 1744 764 1802 omnibus
785 1742 877 1804 Patri-

101 1840 159 1898 bus
174 1838 345 1916 approbatus
361 1856 368 1906 ;
388 1837 437 1914 qui
448 1877 459 1911 ‚
472 1844 505 1894 ut
516 1832 693 1894 demonstrat
703 1833 801 1896 doctus
811 1839 879 1914 qui-

102 1930 173 1990 dam
188 1940 303 2004 auctor,
317 1930 428 2006 quoties
439 1925 623 1987 adverterunt
636 1926 781 2004 frigescere
791 1947 876 1988 usum

101 2024 315 2085 communionis
338 2018 534 2100 quotidiana,
562 2037 677 2079 ornnem
700 2019 878 2096 diligentiam

102 2117 299 2181 adhibuerunt
314 2115 350 2176 ad
365 2116 444 2176 illum
460 2112 721 2192 redintegrandum.
739 2115 775 2174 Et
791 2119 820 2173 in
834 2117 879 2176 111

104 2210 218 2292 synodo
231 2209 437 2271 Mediolanensi
449 2252 458 2284 ,
475 2208 573 2269 habita
589 2209 642 2268 sub
653 2207 685 2267 S.
697 2208 798 2269 Carolo
810 2209 879 2270 Bor-

104 2327 232 2381 romaeo,
256 2302 421 2379 injunctum
446 2302 500 2361 fuir
525 2303 658 2363 Parochis
678 2302 819 2364 exhortari
840 2306 880 2365 fi-

106 2400 185 2461 deles
204 2402 234 2458 in
256 2397 439 2458 concionibus
457 2393 494 2455 ad
508 2395 582 2454 hanc
596 2395 784 2473 frequentiam
799 2417 881 2456 com·

107 2495 278 2562 munionis3
302 2501 328 2551 el
351 2493 465 2569 insuper
487 2490 652 2568 impositum
674 2487 727 2547 luit
744 2491 880 2570 episcopis

107 2590 287 2671 provinciae,
313 2596 344 2645 ut
361 2587 539 2665 prohiberent
555 2585 735 2660 concionari,
756 2595 784 2645 el
798 2605 880 2648 seve-

108 2687 169 2745 rius
185 2685 319 2761 punirent
332 2700 379 2740 eos
394 2685 444 2760 qui
461 2684 619 2762 oppositum
639 2678 879 2756 disseminarent,

108 2789 248 2855 tanquam
264 2774 459 2835 scandalorum
475 2788 598 2848 satores,
616 2783 644 2833 et
656 2773 881 2834 totiusEcclesiae

109 2874 210 2932 sensui
222 2869 452 2931 contradicentes.
469 2871 589 2951 Insuper
602 2871 632 2928 in
644 2868 759 2947 prelato
769 2865 882 2926 decreto

146 3063 185 3122 (r)
203 3055 308 3108 Cetech.
321 3057 383 3108 ibid.
397 3071 472 3106 num.
484 3055 528 3107 60.

149 3160 186 3218 (a)
202 3152 256 3206 Lib.
273 3158 305 3216 6,
324 3169 399 3206 utrm.
413 3157 470 3216 254.
