1956 3608
164 207 218 266 152
378 226 481 269 rnaxrs
500 228 706 274 conrasssau.

158 318 208 375 ubi
223 320 262 379 sic
277 318 389 381 scribit:
406 320 597 397 Apparuisse
610 325 786 386 hominibus
802 330 927 408 angelos

154 412 186 471 iu
207 413 318 473 talibus
341 417 541 490 corporibus,
564 433 675 479 utnon
696 421 794 480 solum
811 422 928 497 videri,

154 526 256 566 verum
270 508 363 567 etium
386 511 472 589 tongi
494 523 641 587 possent,
659 505 817 573 verissimo
834 515 928 591 scrip·

154 612 380 679 turotestotur‚
402 616 431 663 et
446 604 557 664 multos
579 604 678 683 (quos
697 605 928 685 vulgoineubos

151 705 281 766 vocant)
295 696 450 773 improbos
466 717 548 772 soepe
562 700 713 759 exstitisse
728 701 928 779 mulieribus.

148 802 177 849 et
190 809 298 848 eurzrm
315 790 491 866 oppetiisse,
506 813 543 851 oc
552 793 700 871 peregisse
713 793 928 855 concubitum.

150 882 310 963 Quosdam
330 884 486 944 doernones
509 884 592 945 lione
613 883 735 945 assidue
755 884 929 947 immundi-

148 977 247 1053 tiam,
265 992 293 1037 et
312 991 447 1051 tentore,
462 991 490 1037 et
502 977 646 1054 efficere,
661 977 768 1054 plures
784 979 927 1058 talesque

147 1071 202 1132 viri
216 1084 409 1146 asseverant,
433 1083 468 1129 ut
489 1071 549 1131 hoc
577 1092 688 1150 negare
713 1071 925 1149 imprudentia

145 1164 292 1225 videatur.
320 1161 461 1243 Equidem
484 1173 602 1243 possunt
622 1162 767 1223 daemones
790 1164 925 1229 adhunc

144 1260 306 1338 improbum
319 1280 403 1319 usum
418 1257 617 1319 defunctorum
632 1278 746 1338 corpora
758 1278 924 1340 assumere,

144 1352 189 1411 vel
205 1352 240 1412 de
256 1374 331 1414 novo
346 1356 398 1412 sibi
423 1372 567 1412 assumere
582 1372 617 1412 ex
631 1371 716 1427 aere,
735 1362 762 1412 et
779 1354 843 1413 aliis
857 1354 923 1415 ele-

144 1449 248 1505 mentis
263 1445 299 1505 ad
314 1449 407 1506 camis
425 1444 663 1522 similitudinem,
686 1466 719 1506 ac
732 1445 923 1525 palpabilium

142 1551 170 1599 et
180 1540 335 1601 calidorum
350 1562 497 1621 corporum
512 1539 704 1600 humanorum
716 1543 824 1620 species
834 1541 931 1604 effin-

141 1657 224 1715 gere,
244 1647 273 1697 et
295 1639 334 1697 sic
352 1658 384 1697 ea
401 1657 516 1716 corpora
533 1635 570 1696 ad
592 1638 699 1696 coitum
719 1644 827 1714 aptare.
854 1638 920 1699 lmo

143 1744 219 1793 tenet
233 1733 366 1813 prelatus
376 1734 502 1804 Detrio,
520 1733 609 1791 citans
622 1733 661 1788 tt.
677 1728 860 1806 'tuomum
877 1734 919 1793 D.

141 1829 306 1890 Bouovent.
336 1827 481 1901 Scotum,
500 1827 648 1885 Abulens.
660 1823 787 1903 aliosque
800 1825 897 1905 plures
907 1868 930 1904 p

141 1922 218 2004 quod
236 1921 347 1981 daemon
364 1930 453 2000 potest
467 1921 553 1978 etiam
574 1939 674 1978 verum
695 1937 792 1977 semen
816 1920 944 1983 afferre-

139 2017 254 2081 aliunde
269 2026 437 2097 acceptum,
457 2013 676 2092 naturalemque
697 2014 760 2087 ejus
780 2017 917 2076 emissio·

138 2136 205 2175 nem
231 2116 356 2184 imitari,
382 2120 410 2170 et
432 2108 509 2187 quod
527 2128 562 2166 ex
577 2105 742 2182 hujusmodi
760 2111 915 2173 concubitu

137 2233 204 2271 vera
220 2208 311 2287 proles
325 2208 411 2284 possit
428 2205 525 2277 nasci,
543 2221 607 2261 cum
625 2200 719 2258 valeat
734 2201 850 2265 daemon
862 2225 915 2265 se-

137 2325 204 2366 men
219 2300 289 2362 illud
304 2303 446 2379 accipere,
465 2306 535 2377 puta
549 2317 565 2355 a
581 2297 643 2354 viro
656 2297 687 2353 in
701 2315 803 2357 somno
817 2298 913 2378 pollu-

136 2404 243 2464 tionem
260 2398 407 2478 patiente,
431 2403 459 2452 et
479 2391 638 2472 prolificum
657 2389 778 2451 calorem
795 2412 913 2456 conser-

135 2495 254 2569 vando,
274 2492 349 2552 illico
370 2492 399 2549 in
421 2489 566 2548 matricem
581 2483 731 2544 infundere
745 2510 753 2559 ς
766 2507 827 2566 quo
840 2510 910 2552 casu

133 2591 225 2671 proles
243 2588 290 2648 illa
313 2606 371 2646 non
392 2586 444 2643 erit
466 2579 582 2661 quidem
599 2579 657 2664 filia
674 2578 832 2657 daemonis,
857 2585 909 2645 sed

131 2682 209 2743 illius
224 2678 310 2756 eujus
320 2686 364 2736 est
381 2693 499 2748 semen,
516 2681 548 2732 ut
570 2674 611 2732 ait
631 2671 671 2730 D.
685 2671 816 2733 Thomas
828 2676 908 2757 apud

130 2778 249 2837 citatum
268 2778 421 2831 auctorem.
443 2766 490 2825 An
507 2774 625 2838 autem,
650 2765 782 2842 inspeetis
797 2765 907 2844 legibus

131 2892 147 2931 a
160 2869 257 2929 divina
272 2860 454 2925 Providentia
467 2860 630 2920 constitutis
640 2877 689 2936 pro
703 2864 906 2937 propagatione

129 2963 239 3040 generis
257 2958 398 3029 humani,
421 2952 480 3013 haee
502 2946 658 3030 aliquando
678 2951 830 3027 evenisse,
853 2962 919 3014 aut¹

126 3057 242 3115 evenire
256 3072 336 3133 posse
349 3046 522 3112 credendum
537 3047 593 3117 sit,
607 3044 811 3122 sapientiorum
826 3044 903 3121 judi·

121 3148 167 3208 cio
181 3147 365 3206 remittimus.
380 3143 434 3203 Hic
447 3149 543 3203 autem
558 3135 591 3197 fit
604 3134 745 3209 dubium,
760 3154 798 3197 an
812 3140 901 3219 possit
