1956 3608
110 195 138 267 §.
153 213 186 254 v.
201 213 323 253 stomun
334 208 421 263 oinct
435 198 566 254 tconuir
580 213 621 255 su
634 214 733 258 rronu.
775 190 834 276 287

58 305 155 384 pertiti
171 324 179 374 ;
197 305 265 384 qula
279 313 368 379 tunc,
387 303 451 366 licet
464 304 658 366 conditionate
672 305 777 383 detur,
793 316 839 367 ta-

58 417 150 470 men,
173 407 206 457 ut
223 397 443 460 Sacramentum
461 399 556 461 valeat
572 399 766 461 administrari
783 400 838 460 sub

58 488 242 565 conditione,
267 508 372 569 urgens
397 499 426 550 et
455 495 549 568 gravis
567 513 653 554 causa
675 495 838 574 requiritur.

63 579 150 639 Unde
177 600 248 661 opus
278 591 320 642 est
348 591 380 642 ut
410 581 527 662 aliquod
551 583 677 645 notabile
704 586 840 664 temporis

60 674 187 752 spatium
203 676 386 735 interveniat.
411 674 522 735 Verum
539 677 570 734 in
585 676 639 737 boc
651 675 788 736 Sacerdos
803 695 840 737 ex

60 766 232 826 couscientia
257 785 346 846 quam
380 767 495 827 noverit
524 765 632 827 infirmi
661 785 691 825 se
721 765 841 843 dirigere

60 856 144 919 debet
159 880 166 917 :
183 879 253 919 narn
267 862 290 918 si
304 859 350 919 ille
361 859 528 921 habituatus
538 861 593 921 fnit
604 863 634 921 in
647 862 742 940 pravis
761 863 841 939 uugi-

60 955 236 1029 tationibus,
249 957 273 1013 si
285 954 509 1034 aliquovulnere
520 957 660 1030 moritur,
674 963 724 1014 aut
740 953 840 1035 aliqua
946 946 950 951 ’

60 1047 119 1107 odii
134 1047 180 1108 rel
195 1051 300 1128 impuri
319 1052 425 1109 amoris
440 1052 571 1129 passione
592 1059 634 1110 est
656 1051 795 1124 irretitos,
815 1051 843 1111 sl
936 1052 940 1063 “

60 1142 215 1202 infirmitas
229 1153 271 1203 est
283 1139 373 1203 'nimis
386 1147 507 1218 acerba,
530 1154 559 1203 et
579 1147 638 1223 ipse
657 1164 717 1204 non
738 1142 840 1207 libenti

60 1239 159 1299 auimo
174 1235 288 1311 suffert,
303 1247 373 1297 tunc
387 1241 489 1316 saepius
503 1236 645 1297 absolutio
656 1234 718 1297 dari
729 1245 840 1319 potesis
911 1257 917 1264 ·

60 1335 105 1391 sin
118 1341 215 1390 autem
227 1352 239 1405 ,¹
251 1328 356 1391 sufficit
367 1342 400 1391 ut
411 1334 497 1392 trium
511 1341 562 1391 aut
572 1340 695 1412 quatuor
706 1316 841 1395 horarum

64 1427 190 1505 spatium
200 1424 369 1486 intercedat:
382 1425 560 1506 frequentius
570 1436 678 1500 tamen,
689 1428 711 1485 si
720 1428 840 1505 jamjam

61 1520 216 1581 moriturus
235 1529 287 1578 est.
306 1520 372 1578 Non
388 1522 440 1578 abs
456 1541 484 1579 re
503 1530 600 1580 autem
616 1524 669 1581 erit
682 1530 842 1598 agrotum,

62 1611 131 1671 dum
144 1621 240 1672 mente
252 1611 361 1691 pollet,
382 1632 519 1686 monere,
533 1623 565 1672 ut
576 1618 599 1672 si
615 1615 693 1691 loqui
705 1635 763 1675 non
775 1636 842 1694 pos·

63 1709 119 1781 sit,
137 1709 251 1784 signum
262 1704 378 1786 aliquod
390 1705 612 1767 determinatum
624 1705 688 1779 det,
704 1705 774 1767 dum
789 1710 842 1767 ab.

62 1803 232 1864 solutionem
247 1805 369 1884 quaerit,
389 1813 440 1865 aut
453 1802 525 1863 durn
543 1801 681 1864 Sacerdos
696 1805 750 1882 ipsi
769 1823 843 1865 cun·
928 1869 930 1873 f

61 1897 134 1957 serre
149 1897 232 1971 vult,
256 1916 301 1956 ex.
316 1916 379 1975 gn,
407 1897 502 1958 oculos
514 1895 630 1959 claudat
652 1896 697 1957 vel
713 1907 843 1973 reseret,

64 2011 188 2052 manum
203 1990 318 2066 elevet,
334 2001 421 2072 caput
435 1992 572 2070 inclinet,
588 2003 617 2052 ct
629 1992 747 2053 similia.
821 2066 841 2074 μ

102 2102 173 2162 ²77·
194 2085 349 2165 Denique,
371 2089 542 2147 cornaviis
560 2085 620 2163 jam
642 2088 778 2163 migrasse
795 2088 852 2147 vi·.

62 2177 161 2253 detur,
177 2190 277 2240 caveat
288 2180 443 2256 Sacerdos,
457 2201 494 2241 ne
506 2184 602 2245 statim
614 2180 663 2241 det
672 2201 731 2242 suae
743 2183 851 2243 mortis·
909 2214 913 2221 ·

62 2273 198 2348 signum,
212 2291 266 2332 nec
282 2275 309 2331 ei
326 2276 422 2333 statim
442 2273 560 2348 oculos,
580 2283 632 2334 ant
652 2293 683 2336 os
704 2271 842 2350 claudat,
909 2324 913 2328 .

63 2372 115 2423 aut
136 2365 233 2423 visum
253 2367 356 2443 pannis
382 2366 548 2443 cooperiat;
571 2368 639 2444 quia
661 2367 686 2424 si
709 2363 843 2425 nondum

63 2466 194 2516 mortuus
213 2465 304 2529 esset,
323 2457 387 2523 fieri
401 2466 494 2538 posset
514 2467 547 2516 rrt
564 2477 642 2517 mors
663 2457 843 2521 acceleretur·

63 2551 143 2611 Cum
156 2561 255 2611 autem
272 2561 347 2615 mito
368 2554 422 2613 scit
444 2552 573 2613 animam
594 2553 653 2628 jam
669 2549 706 2615 ad
720 2554 843 2613 aeterni-

63 2655 152 2706 tatem
168 2648 318 2723 migrasse,
329 2649 561 2722 circumstantes,
578 2656 610 2706 ut
622 2666 672 2727 pro
682 2646 731 2707 illo
742 2657 844 2724 orent,

62 2751 202 2815 rnoneat,
218 2744 321 2821 etipse
337 2739 419 2803 flexis
432 2743 553 2821 genibus
570 2741 645 2802 dicat
661 2745 842 2816 orationem,

62 2832 245 2917 Subvenite,
269 2851 348 2916 etc,
368 2839 446 2918 utin
460 2836 576 2916 rituali,
590 2835 637 2901 vel
648 2839 679 2899 in
690 2835 840 2901 breviario.
