1956 3608
98 214 160 287 ser
320 228 424 273 eusxrs
443 216 649 271 courussrnn.

98 333 220 397 autem,
240 323 357 403 anquis
374 340 503 401 unquam
520 321 640 381 rationis
661 337 751 379 usum
764 316 872 378 babae·

99 417 151 488 rit,
160 413 351 476 conditionate
361 410 422 473 dari
434 420 536 491 potest.
553 409 634 470 Idem
648 409 684 470 de
691 411 797 486 ebriis,
812 411 873 468 siin

99 510 199 569 mortis
214 505 336 587 periculo
350 508 427 580 sint,
442 507 501 579 misi
512 515 609 567 tamen
623 513 734 587 ¹constet
746 504 783 583 ln
796 523 874 563 mer·

99 599 150 661 tali
168 598 250 678 culpa
263 598 353 659 tuisse
367 616 434 660 cum
450 616 552 658 sensus
566 600 619 677 ipsi
635 598 803 665 amiserint;
819 598 873 656 im-
901 672 905 679 .

98 691 304 772 penitentibus
320 694 397 752 enirn
419 700 447 751 et
468 694 519 772 qui
536 692 566 751 lu
584 691 746 751 manifesto·
762 696 874 769 peccato

98 787 284 862 moriuntur,
310 804 422 846 necnon
448 787 728 856 excommunicatis,
763 785 874 863 penitus

98 876 234 954 denegari
255 875 360 950 debet,
382 885 415 935 ut
439 876 552 936 situatis
574 895 646 935 rom.
668 885 791 943 mouets
812 873 874 932 uide

97 993 184 1032 num.
200 972 270 1049 752.
297 969 469 1031 Mulieribus
486 973 571 1030 etiam
590 1013 599 1044 ,
623 972 647 1029 si
662 971 699 1029 ob
715 979 816 1041 partus
830 968 875 1026 do·

97 1062 171 1124 lores
193 1067 224 1123 in
246 1067 346 1122 mortis
368 1063 494 1142 periculo
518 1066 599 1136 sint,
626 1064 748 1124 conferri
775 1072 874 1142 potest.

14 1196 16 1203 =
96 1157 154 1219 vl.
181 1157 335 1217 Orationes
362 1160 529 1238 prescriptae
560 1167 639 1217 extra
652 1158 820 1228 termam,
845 1159 872 1216 iu

97 1271 166 1315 casu
180 1252 357 1311 necessitatis
368 1254 462 1310 omitti
481 1262 622 1330 possunt,
642 1271 707 1330 quae
722 1261 821 1331 postea
836 1249 874 1308 di·

96 1354 219 1419 centur,
244 1348 268 1404 si
290 1355 403 1424 tempus
424 1356 574 1425 suppetet,
596 1367 685 1406 uum.
704 1351 775 1426 728.
797 1348 873 1405 Etru

2 1394 148 1500 *tati
168 1460 236 1500 casu
254 1440 441 1500 sacramento

55 1502 276 1608 luminibus,
300 1541 330 1592 et
353 1536 504 1609 ministro,
523 1556 613 1594 num.
634 1538 712 1612 728,
738 1543 767 1592 et
792 1545 875 1594 ettam

97 1625 279 1708 probabiliter
305 1628 368 1686 siue
394 1626 596 1708 superpelliceo
616 1636 643 1687 et
667 1626 765 1700 stola,
791 1649 874 1687 uum.

98 1722 168 1799 726.
184 1721 253 1780 Vll.
271 1720 407 1781 Extrema
423 1722 528 1781 Unctio
543 1723 572 1780 in
590 1719 690 1779 eadem
706 1720 875 1780 infirmitate

97 1815 266 1878 iterarinon
282 1824 396 1894 potest,
418 1816 472 1873 nisi
489 1813 651 1874 intirmusa
669 1815 754 1893 priori
773 1815 875 1892 proba·

95 1907 190 1969 biliter
204 1910 402 1985 convaluerit,
422 1920 451 1970 et
471 1911 502 1968 in
521 1908 601 1970 aliud
618 1908 712 1969 simile
729 1911 798 1970 vitae
816 1909 876 1968 dis-

97 2003 204 2063 crimen
228 2002 378 2081 iuciderit,
401 2012 433 2065 ut
453 2002 534 2064 docet
555 2000 689 2064 Trideut.
716 2023 792 2064 sess.
821 2004 875 2075 14,

95 2116 166 2172 cop.
180 2098 217 2173 ὅ,
232 2095 400 2158 videnum.
413 2098 481 2176 7¹5·
495 2097 581 2157 Vlll.
598 2096 711 2156 Cautus
726 2097 763 2155 sit
776 2095 875 2156 Sacer-

96 2186 149 2250 dos
172 2192 202 2250 in
227 2189 370 2250 movendo
392 2200 519 2267 aegroto,
549 2200 583 2250 ut
607 2199 701 2270 partes
725 2193 874 2252 viciniores

95 2293 209 2360 ungatr
229 2286 252 2342 st
271 2293 366 2344 tamen
389 2294 473 2344 caute
492 2283 643 2358 revolvat,
664 2293 693 2343 et
706 2304 774 2344 casu
795 2283 877 2343 itlee

96 2379 159 2439 vita
175 2376 313 2454 decedat,
334 2379 569 2458 irregularitatem
586 2388 761 2463 non-teneat
777 2381 876 2439 incur-

97 2476 189 2550 risse,
209 2477 276 2554 quta
293 2476 325 2534 in
341 2475 396 2536 boe.
415 2494 482 2537 casu
497 2472 686 2553 irregulariqs
702 2486 767 2533 nen
784 2483 877 2552 potest

96 2570 200 2628 incurri
216 2569 270 2626 nisi
285 2569 321 2627 ob
339 2567 496 2641 delictum,
520 2587 631 2646 aquo,
660 2568 710 2646 qui
729 2565 877 2627 charitatis

96 2676 181 2718 causa
198 2656 307 2736 aliquid
326 2657 537 2736 inculpabiliter
557 2659 639 2736 agit,
661 2659 875 2722 immunisest.

96 2749 256 2829 Denique,
281 2756 355 2808 recte
376 2746 520 2810 Parocbus
545 2750 575 2808 in
599 2768 651 2808 sua
673 2747 760 2808 domo
780 2748 874 2809 oleum

96 2855 228 2905 sanctum
244 2845 274 2903 in
287 2851 371 2905 nocte
385 2860 499 2903 servare
511 2850 622 2949 potest,
638 2840 708 2902 dnm
729 2841 875 2921 probabile

96 2935 254 3015 periculum
270 2932 423 3016 praevidet,
443 2943 476 2994 ut
496 2935 519 2993 si
540 2941 658 2994 vocatus
673 2931 711 2992 ad
726 2934 910 3026 couteren-

96 3025 165 3088 ‹tam
177 3030 640 3126 Unctionern,prastonouesset,
652 3028 705 3090 tit.
717 3026 748 3106 6,
759 3049 793 3090 n
804 3036 874 3108 730
