1956 3608
155 115 222 160 cta.
234 117 268 161 v.
279 114 345 160 curt
357 109 539 161 ntmntrrs
552 112 766 187 orrecrorvrs.
790 97 847 160 nil

118 225 175 288 73..
190 207 397 286 Yerumtamen
419 208 563 287 excipitur¹
579 226 662 269 cesos
680 226 769 287 quoa
783 205 846 267 Deo

75 296 228 360 donaretur
237 303 301 381 quis
311 310 369 361 tam
380 299 600 362 extraordinaria
612 300 848 381 compunctione,

74 409 138 468 qoae
153 394 245 471 ipsum
258 392 388 467 liberaret
398 393 435 455 ab
446 394 563 471 antiqua
571 392 722 472 fragilitate
737 411 745 464 ;
760 410 847 469 nam,

74 493 105 543 ut
126 486 167 544 ait
189 485 266 545 idern
289 484 442 563 Angelicus
459 488 527 557 (1):
547 486 740 565 Quandoque
757 497 845 547 tanta

72 581 276 643 commotione
296 581 440 642 convertit
463 579 587 652 (Deus)
609 601 664 640 cor
686 581 845 653 hominis,
877 596 882 609 ·

72 686 104 732 ut
129 673 231 734 subito
261 674 391 752 perfecte
418 687 622 750 consequatur
650 676 843 733 sanctitatem

70 766 271 843 spiritualem.
291 767 374 825 Rarae
389 764 508 844 quidem
519 774 587 825 sont
599 763 765 840 hujusmodi
776 783 847 826 coo·

71 863 239 935 versiones,
255 869 284 919 et
300 862 453 939 praesertim
468 862 497 919 in
512 857 700 933 ordinandis,
716 856 779 918 licet
792 858 847 918 ali·
953 899 956 906 -

69 944 159 1034 quam
179 964 276 1034 petant
294 953 412 1019 domurn
431 955 612 1034 religiosam,
633 962 666 1014 ut
685 952 846 1034 spiritualia
916 996 924 1008 .

69 1058 155 1126 agant
167 1036 297 1111 erescitia
309 1069 316 1118 ;
331 1051 377 1108 isti
387 1052 464 1110 enim
474 1050 670 1130 utplurimum
682 1068 741 1109 non
752 1047 846 1125 ultro,

67 1139 116 1199 sed
132 1141 221 1200 coacti
235 1139 374 1203 accedunt
393 1163 400 1198 :
422 1139 470 1199 sed
487 1138 605 1220 quando
617 1160 683 1200 vere
698 1142 763 1218 quis
776 1149 845 1199 tan·
866 1198 869 1203 .

69 1241 124 1311 tant
139 1220 275 1312 recideret
288 1236 407 1310 gratiam
426 1255 443 1294 a
464 1234 526 1294 Deo
542 1237 648 1311 (cujus
662 1231 845 1294 admirabiles
879 1244 882 1249 ’

52 1326 134 1387 'sont
149 1325 371 1400 misericordia)
392 1324 456 1408 quae'
473 1330 568 1408 ipsum
587 1329 681 1389 taliter
698 1338 843 1388 motatum

67 1419 218 1494 redderet,
242 1420 342 1501 qood,
373 1421 437 1482 licet
459 1422 553 1483 adhuc
577 1421 694 1504 aliquod
718 1441 843 1503 pravum

67 1524 178 1575 motum
207 1517 348 1588 sentiret,
378 1534 517 1592 magnum
540 1526 636 1574 tamen
669 1518 843 1595 concepisset

67 1603 211 1677 horrorem
230 1605 369 1668 adversus
382 1617 554 1687 peccatum,
578 1617 606 1666 et
625 1607 715 1666 simol.
729 1611 842 1668 notabi·
947 1664 957 1674 ,

66 1696 129 1758 liter
143 1698 320 1759 diminutum
336 1701 366 1758 in
382 1718 412 1758 se
424 1708 603 1778 cognosceret
625 1697 755 1758 ardorem
772 1718 849 1760 cort·¹

66 1794 245 1873 crrpiscentire
258 1835 268 1867 ‚
283 1796 322 1853 ita
338 1802 372 1853 ot
394 1813 411 1852 a
435 1797 521 1871 gratia
540 1795 668 1853 munitus
686 1793 766 1855 facile
780 1791 841 1870 jorn

65 1889 202 1967 inciperet
210 1888 416 1947 tentationibus
426 1889 577 1958 obsistere;
594 1897 622 1946 et
631 1889 749 1966 insuper
758 1889 848 1948 firme

66 1983 211 2041 statuisset
225 1982 255 2039 in
278 1991 443 2060 posterum,
462 2000 520 2040 non
541 1989 651 2040 tanturn
670 1983 760 2039 vitare
775 2000 842 2058 pec·

65 2087 127 2135 cata
149 2082 178 2134 et
199 2077 377 2161 occasiones,
406 2073 456 2134 sed
480 2077 567 2134 etiam
591 2071 685 2134 media
706 2083 842 2152 opportu-

65 2171 143 2229 niora
173 2170 314 2246 suscipere
340 2166 377 2226 ad
407 2167 566 2228 vivendum
603 2177 635 2227 ut
665 2165 840 2227 sacerdotem

65 2260 169 2334 decet,
197 2270 225 2320 et
246 2264 306 2338 jam
330 2260 415 2317 simul
444 2263 603 2340 incoepisset
620 2259 657 2319 ad
674 2281 755 2320 suam
773 2280 840 2320 con·

67 2359 225 2421 versionem
240 2353 467 2416 confirmandam
482 2356 619 2412 instanter
634 2373 727 2431 preces
741 2353 840 2411 ellon-

67 2448 131 2509 dere
146 2469 197 2530 pro
211 2469 262 2508 sua
279 2449 512 2527 perseverantia,
531 2466 597 2506 cum
617 2464 720 2523 magna
743 2455 771 2505 et
788 2445 841 2507 tali
886 2492 889 2496 ,
955 2440 958 2446 ‘

67 2546 96 2602 in
111 2544 208 2604 Deum
225 2541 351 2616 fiducia,
372 2561 436 2621 quae
457 2561 524 2602 eum
547 2537 676 2600 redderet
695 2540 840 2602 moraliter

69 2655 197 2699 securum
212 2634 248 2695 de
261 2633 387 2714 quadam
403 2628 506 2714 magna
522 2637 679 2695 mutatione
693 2638 760 2694 vitae
777 2657 785 2693 r
804 2654 839 2696 eo

68 2749 132 2790 casu
153 2732 227 2789 bene
248 2737 341 2810 posset
364 2729 560 2789 Confessarius
582 2747 647 2787 eum
665 2726 838 2801 absolvere,

69 2827 131 2887 etsi
144 2827 203 2907 ipse
213 2824 298 2887 vellet
310 2826 405 2884 statim
417 2834 480 2904 post
490 2823 696 2886 consessionem
707 2817 837 2880 ordinem

41 2978 46 2989 ¹
101 3015 137 3074 tr)
154 3008 179 3064 3.
192 3024 219 3078 p.
230 3007 329 3076 Quaeet.
344 3008 373 3060 86
386 3017 412 3057 e.
428 3002 487 3055 ted
500 3020 523 3055 ι.
