1956 3608
851 39 971 147 W

155 230 213 290 :qo
372 224 478 268 mons
498 219 703 265 counusstnu.

150 317 184 377 id
196 315 393 381 confessarios
410 334 468 374 non
486 312 648 386 discernat,
667 313 788 372 omnino
800 332 859 373 nou
873 333 923 373 ex·

150 400 231 491 pedit
254 410 449 471 indubitanter
476 427 599 467 asserere
626 408 750 466 visiones
781 405 846 466 illas
870 427 924 467 esse

150 505 198 565 vel
213 501 389 574 diabolicas,
413 500 458 560 vel
478 501 665 580 phantasiae,
680 499 925 580 quemadmodum

150 598 243 660 solent
259 593 379 674 quidam
398 597 485 654 nimis
500 593 639 656 increduli
662 592 722 663 (ad
736 592 925 657 differentiam

148 693 272 753 aliorum
293 692 343 771 qui
368 692 456 748 nimis
479 688 612 762 creduli,
637 708 737 749 omnes
761 688 874 750 habent
898 698 926 749 ot

150 793 276 858 veras);
295 782 345 844 sed
359 781 436 844 dicat
451 783 602 842 poenitenti
615 824 625 856 ,
642 792 673 842 ut
684 791 745 843 oret
760 782 859 843 Deum
873 803 925 863 quo

146 887 210 941 non
225 878 349 958 amplius
366 875 487 938 ducatur
509 896 557 956 per
573 879 636 936 vias
650 874 723 937 adeo
738 877 926 956 periculosas,

151 993 182 1033 se
198 969 377 1052 protestando
387 969 465 1049 quod
477 968 606 1048 quandiu
617 972 696 1030 vivet
705 972 734 1029 in
747 972 829 1030 terris
839 1012 850 1046 ,
862 970 925 1032 velit

149 1064 248 1122 Deum
262 1079 427 1138 cognoscere
440 1059 531 1119 solum
544 1062 679 1139 perviam
690 1059 768 1120 fidei.
785 1061 924 1123 Caeterum

151 1155 277 1214 insinuet
292 1161 325 1212 ot
339 1171 375 1213 ex
390 1151 548 1211 visionibus
558 1150 684 1227 habitis,
704 1150 751 1211 vel
765 1151 869 1228 salsis,
883 1150 924 1214 vel

151 1251 238 1322 veris,
247 1247 329 1307 illurn
337 1249 472 1327 percipiat
483 1246 605 1307 fructum
617 1248 668 1326 qui
682 1248 824 1324 magisest
833 1267 925 1309 nenes-

151 1341 262 1411 sarius,
275 1348 303 1397 et
323 1340 463 1416 praecipue
487 1356 517 1396 se
535 1347 608 1398 recte
627 1358 693 1398 cum
713 1338 776 1398 Deo
788 1338 923 1416 gerendir

152 1433 191 1490 itu
210 1432 288 1488 enim
306 1426 438 1505 agendo,
457 1448 626 1508 quanquam
646 1432 772 1491 visiones
792 1431 924 1493 fuerinta

151 1519 304 1593 demone,
321 1517 434 1579 daernon
448 1522 606 1581 remanebit
622 1520 728 1582 elusus.
797 1588 800 1593 ,

199 1619 265 1691 ¹4¹·
278 1611 366 1691 Quod
375 1632 443 1674 vero
453 1612 490 1673 ad
502 1615 667 1678 locutiones
679 1617 802 1693 attinet,
815 1619 923 1681 locutio

148 1725 215 1768 este
231 1719 328 1785 potest
346 1706 536 1782 successiva,
554 1708 725 1783 formulis,
744 1721 772 1770 et
786 1712 924 1774 substan·

149 1799 242 1860 tiolis.
268 1799 436 1859 Successiva
457 1809 500 1858 est
514 1788 630 1878 quando
647 1805 743 1863 anima
762 1803 925 1867 meditando

150 1889 279 1970 aliquam
292 1894 440 1952 veritatem
455 1892 541 1968 fidei,
559 1898 644 1956 sentit
655 1897 708 1955 sibi
721 1900 804 1977 quasi
816 1918 926 1980 respon.»

150 1984 213 2044 deri
228 1985 268 2044 ab
282 1987 402 2065 ipsomet
417 2007 470 2046 suo
484 1990 584 2069 spiritu
600 2034 609 2066 ,
629 1989 678 2049 sed
697 1991 789 2052 veluti
808 2014 843 2055 ac
857 2003 926 2054 esset

152 2098 272 2160 persono
284 2089 428 2140 extranea.
448 2081 517 2142 Haec
527 2081 645 2161 quando
658 2085 749 2144 bonos
758 2089 834 2165 parit
846 2086 926 2148 effee-

152 2182 219 2247 tus,
240 2182 272 2232 ut
287 2182 381 2233 essent
394 2178 517 2248 amoris,
534 2176 762 2239 authumilitatis
772 2181 926 2242 extraordi-

152 2268 925 2356 nariae,essepotestspecialeDeilumenzsedquando

152 2378 213 2422 non
226 2357 306 2421 videt
318 2363 414 2438 augeri
427 2373 597 2425 consuetum
616 2386 762 2442 amorem,
788 2368 925 2432 indicium

151 2462 197 2513 est
214 2471 279 2514 earn
301 2471 363 2512 esse
382 2454 595 2534 intelligentiam
620 2460 724 2536 proprii
746 2454 936 2523 intellectut:'¹

143 2546 293 2626 sormolr's
306 2555 349 2605 est
365 2547 484 2625 quando
499 2551 596 2609 anima
614 2549 695 2611 audit
718 2550 816 2633 aliqua
842 2556 925 2617 verbe

150 2636 295 2712 formata,
320 2640 370 2699 sed
390 2651 470 2700 extra
492 2661 543 2712 ee,
572 2652 600 2703 et
624 2653 717 2724 potest
740 2645 802 2710 ltaec
823 2652 926 2730 percipi

152 2729 202 2791 vel
213 2732 347 2806 auribus,
363 2731 409 2792 vel
420 2735 618 2812 imaginativa‚
634 2737 681 2797 vel
693 2738 850 2803 intellectu.
861 2743 928 2806 ttaec

153 2831 189 2883 ut
200 2819 377 2884 discernatur
392 2833 489 2884 utrum
506 2828 544 2886 sit
558 2825 678 2905 diviua,
704 2830 750 2893 vel
766 2830 926 2911 diabolica,

155 2915 289 2981 videndo
303 2926 371 2979 sunt
387 2937 431 2978 res
449 2939 522 2999 quas
539 2924 694 3001 exprimit,
718 2936 769 2987 aut
783 2928 926 2992 faciendas

155 3011 301 3089 imponit,
326 3021 355 3073 et
371 3010 487 3075 effectus
507 3034 581 3094 quos
597 3014 742 3097 relinquit.
765 3020 927 3104 Praecipue,

154 3103 181 3161 sl
209 3113 256 3167 est
286 3103 413 3184 divina,
444 3110 622 3190 imponitque
644 3130 728 3191 opera
752 3118 925 3196 patientiae5
