1956 3608
804 39 917 121 W!

95 222 157 263 nra
315 210 419 258 nrrxrs
439 206 648 257 conminus.
713 185 719 191 ’
744 206 750 212 ·

97 308 236 368 excitatur
247 322 297 384 per
305 303 537 384 communionem
550 311 630 363 actus
640 298 806 374 charitalis,
817 314 870 378 qun

97 398 165 461 inde
185 408 297 480 peccata
318 399 527 457 remittuntur:
548 397 610 474 Qui
630 399 734 464 (actus
750 392 871 453 charita-

97 497 157 566 ris)
171 492 374 556 excitatoria
388 494 449 551 hoo
469 490 695 566 Sacramento,
712 509 772 565 per
784 508 870 566 quem

93 601 221 665 peccato
233 585 367 645 vendolio
382 586 550 645 solvuntur.

141 678 208 739 155.
221 674 310 755 Quod
322 679 345 735 si
357 686 453 756 postea
463 674 659 752 dignoscatur,
674 673 871 733 nonobstante

95 769 257 849 frequentia
278 771 511 843 communionis,
533 769 630 828 anima
648 766 725 826 nihil
744 765 871 846 proficere

97 866 129 923 in
143 867 189 924 via
206 864 401 943 perfectionis,
429 881 524 941 neque
538 881 569 921 se
585 858 741 921 emendare
757 857 871 938 sculpis

97 958 277 1034 deliberatis,
290 959 354 1019 licet
369 956 548 1031 venialibus,
566 966 598 1015 ut
612 959 635 1014 si
649 953 778 1017 adhaeret
791 955 872 1014 etiam

98 1055 292 1129 voluptatibus
316 1070 453 1109 sensuum
479 1053 510 1108 in
539 1047 686 1123 videndo,
711 1045 872 1132 audiendo,

96 1142 230 1216 edendo,
252 1162 319 1202 cum
341 1142 440 1223 aliqua
461 1145 590 1202 vanitate
614 1140 787 1215 vestiendo,
808 1150 872 1200 tunc

97 1248 173 1300 certe
192 1236 321 1299 consulto
343 1234 555 1314 restringendus
580 1237 633 1295 erit
654 1254 725 1295 usus
745 1253 874 1296 commn-

98 1334 214 1405 nionis,
238 1335 326 1391 etiam
351 1341 383 1389 ut
406 1332 479 1389 serio
500 1332 623 1406 cogitare
638 1331 758 1409 incipiat
772 1327 807 1388 de
826 1346 872 1389 sua

98 1422 318 1496 emendatione,
332 1432 361 1482 et
374 1440 433 1481 suae
443 1421 581 1501 spirituali
593 1421 759 1502 perfectioni
775 1437 874 1482 consu*

98 1515 165 1574 lere.
177 1516 320 1575 Caetcmm
331 1557 341 1590 ,
352 1514 565 1575 advertendum
574 1525 617 1575 est
627 1512 874 1594 quodlicet,juxla

97 1608 129 1669 S.
140 1608 286 1670 Thomam
303 1614 368 1684 (r),
381 1621 413 1670 ut
424 1613 512 1689 possit
520 1608 630 1688 quisad
640 1611 872 1670 communionem

99 1704 248 1780 accedere,
264 1709 431 1784 requiritur
450 1718 483 1782 ut
502 1728 575 1767 com
593 1726 709 1784 magno
724 1705 875 1767 devotione

97 1799 247 1861 accedat:
264 1799 451 1862 nihilominus
467 1842 478 1875 ,
507 1819 567 1860 non
581 1808 624 1858 est
636 1800 832 1860 necessarium
847 1805 876 1857 ut

99 1889 147 1951 illa
163 1894 198 1950 sit
216 1911 358 1965 summa,
384 1892 429 1952 vel
452 1902 548 1973 aperte
568 1889 720 1952 sensibilis.
749 1889 876 1954 Sufficiet

98 1982 237 2044 Directori
253 1984 382 2065 detegere
397 1990 427 2047 in
440 1989 542 2048 intimo
557 1985 714 2049 voluntatis
727 1989 772 2047 sui
784 1987 876 2046 Poeni-

101 2081 185 2140 tentis
194 2080 352 2160 quamdam
367 2081 541 2142 alacritatem
555 2079 592 2141 ad
608 2079 792 2161 exsequenda
802 2097 876 2161 quae·

45 2223 47 2228 .
100 2193 214 2254 cunque
223 2175 285 2235 Deo
297 2174 464 2252 placuerint.
478 2178 538 2252 Qui
550 2196 566 2234 a
577 2175 876 2235 communiuneabsti·

99 2273 197 2339 neret,
209 2268 277 2343 quia
292 2283 351 2324 non
364 2268 481 2326 sentiret
490 2268 520 2327 in
533 2285 563 2326 se
573 2286 712 2345 magnum
722 2263 876 2346 quemdam

100 2352 260 2429 fervorem,
276 2357 372 2435 inquit
385 2356 486 2418 doctus
501 2359 614 2418 Gerson
624 2356 704 2438 quod
716 2366 791 2416 esset
801 2374 877 2417 oom-

101 2447 245 2528 parandus
254 2449 293 2511 illi
304 2452 449 2531 quinimis
458 2447 774 2529 frigescens,nolletad
785 2450 877 2526 ignem

101 2542 250 2618 accedere,
268 2549 335 2624 quia
354 2546 466 2621 nullum
486 2549 516 2603 in
536 2565 567 2603 se
589 2545 733 2623 experitur
746 2542 876 2605 calorem.

102 2633 189 2694 Unde
199 2635 280 2697 docet
291 2639 325 2697 P.
338 2637 474 2699 Granada
486 2657 552 2698 cum
566 2637 726 2715 Caietano,
744 2654 876 2718 personas

101 2727 315 2810 pusillanimes,
325 2750 391 2811 quae
401 2734 438 2791 ob
451 2731 671 2791 immoderatum
681 2733 812 2792 timorem
819 2749 876 2790 suae

102 2820 296 2902 indignitatis,
315 2826 549 2885 communionem
566 2826 721 2897 omittunt,
739 2838 876 2900 magnum

103 2935 155 2977 suo
162 2922 274 3000 proprio
281 2921 438 3001 progressui
448 2918 551 2980 inferre
559 2915 877 2998 prejudiciumlleque

141 3103 181 3166 (ί)
198 3107 230 3157 D.
243 3104 337 3159 Thom.
351 3127 376 3178 q.
389 3110 438 3170 80,
455 3122 492 3159 ar.
509 3125 547 3160 ro.
