1956 3608
157 241 178 313 l,
373 250 474 294 araxis
495 247 696 294 conressran.

155 347 252 424 atiquo
274 344 344 408 vitio
368 342 552 415 habituatus,
575 351 609 401 ut
630 342 736 420 peccati
757 342 936 417 grauitatem

154 435 386 517 comprehendat.
412 435 552 495 Advertat
573 444 669 494 tamen
692 453 730 494 ne
753 453 822 493 eum
845 454 936 496 exas-

155 539 249 610 peret,
258 549 311 591 nee
321 538 484 609 perterreat.
492 529 675 608 Quapropter
684 536 838 607 postquam
850 547 936 605 eum,

153 633 296 703 quantum
312 642 381 703 opus
395 622 494 696 fuerit,
509 623 693 700 corripuerit,
714 622 812 680 statim
823 623 852 680 ei
864 625 935 682 ani-

153 712 934 795 mumfaciatadreiiquapeecatamufitenda‚dicens:

152 811 347 887 Eiu‚sruter‚
358 811 401 870 vis
411 822 437 870 te
447 810 487 870 ub
499 810 558 870 hoe
570 807 638 868 vitio
648 807 825 884 resipiscere
834 802 850 864 l
858 811 935 870 Non

153 904 197 964 itu
209 918 254 964 est
267 905 283 966 i
298 906 340 964 Et
356 905 501 981 quonium
524 903 584 962 hoc
597 903 704 977 secere
724 921 757 960 es
771 917 935 981 perotus,

150 1011 214 1056 esto
227 998 332 1057 animo
345 995 450 1055 hiluri-
468 997 575 1071 Itaque
591 1014 706 1053 enarre
724 995 845 1070 reliqua
857 1016 935 1073 pee-

150 1102 237 1161 cutn,
255 1088 331 1148 nihil
344 1087 483 1148 reticens.
508 1088 606 1160 Cave,
618 1106 739 1165 queem,
756 1108 795 1147 ne
809 1089 853 1149 sis
866 1090 934 1150 ali·

150 1181 436 1263 quodsucriiegium
444 1179 752 1250 commissurus;iroc
760 1180 842 1242 enim
851 1196 935 1244 esset

150 1275 329 1335 maximum
347 1274 488 1336 omnium
508 1287 727 1352 peccatorum,
754 1293 828 1351 quoe
848 1276 933 1339 hue·

150 1388 245 1444 usqne
253 1367 440 1430 commisisti.
457 1365 930 1446 igiturdieomniaunimoforti‚

149 1461 234 1521 vince
247 1463 375 1539 teipsum
390 1460 556 1538 ;confitere
568 1460 676 1521 omnia
690 1462 823 1524 sincere:
842 1456 931 1524 Deus

149 1551 231 1614 enim
242 1569 372 1629 paratus
387 1568 431 1614 est
449 1552 503 1614 tibi
514 1574 650 1630 parcere.

190 1646 221 1706 5.
242 1647 355 1707 Deinde
377 1651 406 1707 in
433 1647 492 1706 fine
519 1647 728 1722 confessionis,
757 1658 871 1728 oportet
896 1660 930 1711 ut

150 1739 348 1801 confessarius
370 1742 574 1801 vehementiori
595 1741 693 1801 ardore
711 1762 745 1803 ae
762 1742 860 1804 studio
876 1748 930 1804 iu-

150 1836 286 1910 suffibat,
300 1845 332 1894 ut
345 1835 496 1899 Poeuitenti
508 1838 648 1914 percipere
658 1835 743 1896 faciat
752 1841 929 1914 gravitatem

150 1935 180 1983 et
198 1926 411 1987 multitudinem
434 1932 497 2005 ejus
514 1939 713 2007 peccatorum,
738 1931 928 1993 tre-miserum

150 2014 342 2080 damnationis
364 2029 470 2079 statum
490 2022 520 2077 iu
543 2037 601 2096 quo
623 2022 784 2100 reperitur;
805 2019 857 2080 sed
871 2021 928 2085 hoc

150 2131 262 2194 semper
275 2115 401 2172 maxima
423 2132 488 2173 cum
505 2115 621 2172 caritate
634 2115 696 2173 fiat.
709 2116 926 2181 Verumtamen

150 2212 193 2262 est
207 2208 406 2284 eongruentius
421 2215 488 2267 tunc
501 2207 596 2267 verbis
613 2210 789 2284 gravioribus
804 2211 867 2284 uti,
893 2223 927 2272 ut

151 2299 191 2357 sic
205 2299 306 2360 melius
320 2299 357 2360 ad
371 2303 475 2360 honarn
494 2305 597 2363 mentis
616 2302 726 2380 frugem
746 2302 838 2363 redire
853 2325 926 2385 pos-

150 2392 187 2450 sit
200 2413 207 2463 ;
225 2393 412 2455 nihilominus
426 2391 536 2456 efficere
548 2394 652 2470 debet,
671 2405 703 2454 ut
718 2395 864 2458 Poeniteus
879 2402 925 2466 in·

151 2486 256 2565 teiligat
268 2491 341 2564 hoe,
355 2489 432 2571 quod
440 2495 465 2549 ei
479 2490 598 2564 dicitur,
612 2511 670 2550 non
681 2491 718 2550 ab
727 2493 826 2555 auimo
835 2497 924 2572 irato,

150 2576 201 2637 sed
216 2599 252 2639 err
272 2581 405 2658 singulari
426 2601 523 2641 amore
544 2591 573 2641 et
593 2584 841 2644 commiseratione
856 2607 923 2665 erga
965 2664 969 2671 ,

150 2685 233 2729 suam
243 2674 369 2733 animam
385 2672 541 2751 procedere·
558 2671 644 2749 Quod
654 2676 754 2751 poterit
764 2672 924 2741 hoomodo

150 2764 270 2840 exprimi
288 2784 295 2820 ι
316 2764 375 2823 Fili
389 2764 432 2820 mi
447 2806 457 2836 ,
484 2764 697 2826 consideresne
711 2767 804 2826 vitam
821 2768 924 2833 dnm.

149 2855 236 2928 nuti,
267 2874 362 2934 queem
388 2849 536 2915 duxisti!
567 2854 740 2931 Percipisne
765 2855 923 2939 mnium]

148 2946 232 3023 quod
254 2958 396 3022 operatus
414 2939 475 3004 eal
504 2941 587 3023 Quid
606 2945 660 3003 tibi
676 2947 754 3015 muli
763 2951 845 3023 feeit
861 2974 924 3015 un.

149 3055 248 3114 quum
269 3034 351 3097 Deus
372 3049 461 3112 tuus,
482 3055 574 3113 quem
597 3045 630 3094 tu
650 3035 693 3095 itu
711 3039 830 3115 pereiiee
842 3065 924 3123 ⁶⁰³¹?

143 3127 295 3215 tempsisti
309 3131 322 3196 i
340 3130 373 3193 Si
385 3131 460 3194 iesu
481 3131 604 3197 Christo
617 3125 719 3193 nultus
733 3146 799 3203 tom
805 3140 925 3219 sutem
