1956 3608
244 211 269 290 ς.
283 228 328 275 rv.
347 226 561 274 uncarourcrs
576 229 736 273 omicron.
830 216 871 295 87

118 391 878 420 mmmwmmmmm

148 646 151 651 Ι
246 551 490 635 marmiun
520 553 734 632 curarum.

106 734 260 796 Quououo
293 736 328 778 SE
361 736 479 780 GBHM!
508 737 629 779 DEBEA'I'
658 736 875 783 concessamus

142 831 208 873 CUM
229 830 268 872 ns
292 831 349 888 Qor
375 830 454 873 SUNT
482 832 516 873 IN
541 829 679 873 unorum
708 830 876 874 occasionn

142 922 306 966 Punctum.
347 953 353 965 a

101 1073 153 1133 63.
183 1035 227 1133 Μ
240 1085 364 1129 axrrer
385 1069 556 1131 confessarii
577 1089 644 1130 cura
664 1069 748 1130 debet
765 1088 827 1130 esse
845 1089 878 1131 sc

99 1166 176 1227 bene
190 1163 304 1245 gerendi
317 1185 384 1226 com
401 1167 436 1225 iis
455 1168 586 1244 quisunt
603 1166 634 1223 in
650 1167 778 1244 proxima
795 1185 879 1226 occa·-

98 1263 181 1320 sione
189 1257 343 1334 peccandi,
356 1267 405 1317 aut
415 1260 532 1317 invitiis
541 1255 782 1318 consuetudinarii
792 1267 878 1334 sunt,

98 1365 152 1428 aot
166 1352 293 1416 recidivi.
316 1353 368 1413 ilic
383 1362 452 1412 sunt
465 1352 522 1413 duo
534 1354 628 1430 magni
641 1352 747 1433 scopuli
764 1354 793 1411 in
804 1371 876 1432 qnos

100 1447 195 1526 major
205 1445 447 1508 confessariorum
459 1465 523 1526 pars
535 1447 677 1526 impetunt
688 1454 716 1505 et
726 1444 876 1506 deficiunt.

97 1541 136 1601 ln
153 1541 279 1621 capituto
295 1543 424 1620 sequenti
445 1559 606 1599 sermonem
621 1540 758 1600 faciemus
775 1538 811 1599 de
825 1539 878 1600 ha-

99 1634 219 1693 bituatis
236 1643 264 1693 ot
281 1631 436 1699 recidivis3
459 1631 505 1690 hic
521 1629 556 1688 de
573 1632 782 1711 occasionariis
803 1632 878 1691 Cer·

101 1737 163 1788 tum
186 1736 228 1786 est
247 1723 367 1805 quodsi
387 1724 519 1784 homines
538 1731 696 1801 satagerent
718 1716 878 1785 occasiones

100 1821 214 1899 fugere,
230 1822 321 1896 major
330 1829 507 1898 peccatomm
521 1837 584 1897 pars
594 1819 759 1878 evitaretur.
769 1817 880 1893 Satan,

38 1968 42 1976 .
102 1917 218 1974 remotis
236 1914 453 1984 occasionibus,
469 1932 568 1990 parum
587 1908 728 1979 lucratum
745 1909 794 1970 sed
810 1931 877 1972 cum

101 2007 188 2069 homo
198 2009 272 2068 uitro
283 2009 313 2066 in
326 2009 500 2066 occasionem
515 2007 672 2082 proximam
687 2023 717 2062 se
728 2007 877 2078 immittit,

101 2108 135 2159 ut
149 2098 304 2180 piurimum
319 2107 347 2157 et
364 2096 422 2156 sere
436 2115 547 2176 semper
563 2095 653 2156 hostis
667 2097 814 2154 victoriam
829 2115 878 2155 ca·
921 2128 925 2135 ·

102 2194 156 2253 nit.
177 2193 314 2266 Occasio,
337 2186 489 2271 presertim
506 2192 535 2248 in
552 2192 668 2249 materia
688 2191 812 2267 turpium
829 2186 878 2248 de·

104 2284 309 2362 tentationum,
332 2295 374 2344 cst
391 2288 472 2364 quasi
496 2295 553 2344 rete
572 2282 649 2364 quod
667 2283 704 2345 ad
729 2294 877 2364 peccatum

35 2374 40 2378 ’
106 2372 209 2458 trahit,
230 2391 258 2441 et
273 2379 358 2440 simut
380 2390 505 2440 mentem
523 2381 666 2454 obuncat:
688 2383 725 2439 ita
744 2389 776 2438 ut
790 2379 877 2441 humo

104 2484 215 2553 peccet,
228 2473 299 2552 quin
315 2469 412 2532 videat
424 2469 503 2552 quod
518 2480 592 2548 agat.
617 2467 675 2530 Sed
687 2468 878 2531 deveniamus

104 2566 138 2627 ad
158 2569 279 2648 praxim.
309 2567 431 2627 Occasio
447 2566 538 2646 primo
560 2561 700 2624 dividitor
721 2566 750 2625 in
773 2564 878 2625 voiun-

105 2667 204 2722 tariam
220 2671 247 2720 et
262 2652 460 2720 necessariam.
487 2644 676 2721 Voluntaria
691 2668 733 2719 est
745 2658 794 2720 ilia
811 2656 894 2740 qoae‘

104 2753 185 2817 tacite
198 2755 282 2812 vitari
295 2762 397 2833 potest.
417 2753 601 2815 Necessaria
613 2772 677 2832 quac
689 2756 816 2813 amoveri
828 2771 877 2810 ne·

77 2907 84 2915 ,
105 2848 167 2925 quit
184 2847 246 2905 sine
264 2847 343 2923 gravi
358 2843 482 2920 damno,
506 2853 556 2905 aut
570 2842 714 2905 scandalo.
742 2840 876 2902 Secundo

104 2934 241 3009 dividitur
255 2939 284 2995 in
299 2939 457 3016 proximam
477 2945 506 2994 et
519 2945 667 2995 remotam.
689 2936 819 2991 Remoto
832 2941 877 2994 est

57 3100 59 3105 ,
104 3031 151 3092 itia
167 3034 196 3090 iu
214 3052 271 3111 qua
284 3029 372 3090 homo
387 3049 448 3088 raro
462 3020 576 3108 peccat,
598 3026 644 3086 vel
660 3024 706 3083 itta
724 3044 787 3103 quae
807 3027 875 3085 ubi-

104 3146 160 3205 que
173 3128 319 3207 reperitur.
336 3124 510 3203 Proximo,
531 3143 587 3203 per·
602 3142 635 3185 se
650 3118 814 3200 loquendo,
832 3129 876 3181 eat
967 3134 974 3188 ,ὲ
