1956 3608
379 212 515 260 innox.
698 244 702 251 -
772 203 830 283 307

52 312 84 389 §.
100 310 140 371 ΙΙ.
160 308 307 373 Remedia
325 324 434 374 contro
453 313 643 374 tentationes.
665 332 747 374 num.
771 314 828 394 237

96 415 202 485 etseq.

51 499 81 573 ς.
98 498 154 559 ΙΙΙ.
176 498 296 561 Monita
310 509 342 559 et
355 495 486 577 affectus
504 499 549 575 nii
565 498 700 581 infirmis
720 521 833 583 sugge-

98 591 196 652 rendi.
215 612 247 651 n.
261 590 322 665 254
340 599 368 650 et
382 611 443 672 seq.

53 684 83 763 §‚
99 684 153 747 lv.
180 685 297 747 Monita
318 685 402 745 circa
420 685 529 746 ultima
552 686 779 763 Sacramenta,
802 701 834 750 et

95 780 122 837 t.
152 780 244 841 Circa
263 779 498 855 consessionem.
521 800 552 838 n.
572 782 642 852 254.
665 782 707 840 Π.
738 782 832 843 Circa

95 874 358 933 communionem.
379 890 409 930 n.
421 873 479 934 265
491 883 520 932 et
534 886 594 953 seq.
616 874 707 934 Circa
718 875 834 935 Extre-

97 986 185 1025 mam
203 967 393 1026 Unctionem.
408 986 440 1027 n.
453 968 514 1045 273
530 977 631 1048 etseq.

54 1058 84 1135 §.
95 1057 137 1117 V.
158 1061 282 1119 Monitn
292 1072 427 1138 respectu
438 1061 482 1122 od
494 1064 638 1143 agoniam
650 1074 679 1122 et
689 1075 830 1122 mortem.
926 1064 929 1069 ’

97 1170 128 1212 n.
142 1154 203 1232 276
217 1164 245 1214 et
260 1173 331 1233 277.

55 1247 86 1321 §.
100 1246 158 1306 Vl.
179 1245 320 1329 Affectus
337 1248 519 1325 suggerendi
535 1263 670 1324 tempore
688 1251 831 1330 agoniae,

97 1340 312 1417 expirationis.
328 1359 359 1398 11.
377 1346 435 1417 278
453 1350 482 1400 et
501 1361 569 1421 279.

53 1431 84 1507 §.
98 1430 167 1490 vll.
182 1430 304 1493 indicia
312 1433 472 1507 proximae
485 1434 603 1494 mortis.
616 1452 648 1493 n.
661 1435 719 1496 280
731 1444 758 1494 et
772 1454 832 1515 seq.

53 1525 84 1603 §.
98 1525 168 1584 Vlll
180 1534 208 1583 et
220 1525 350 1584 ultimus.
371 1529 497 1601 Preces,
512 1542 600 1588 actus
610 1529 789 1606 christiani,
804 1541 833 1592 ei

92 1619 245 1694 formida·
261 1619 399 1696 plurium
416 1620 671 1681 benedictionum.

52 1717 167 1777 Preces
181 1726 212 1775 et
223 1726 320 1777 actas.
339 1732 369 1772 n.
387 1715 465 1787 284,
485 1714 542 1776 285
557 1722 584 1773 et
599 1733 659 1794 seq.

52 1806 234 1897 Benedictio
247 1807 278 1867 in
289 1809 419 1868 orticaio
432 1809 550 1869 mortis.
564 1830 596 1869 n.
610 1812 667 1887 287
680 1818 777 1891 etseq.
852 1838 856 1844 ·

53 1900 236 1965 Benedictio
245 1902 416 1979 scapularis
428 1902 460 1963 S.
469 1904 581 1965 Mariae
590 1903 626 1964 de
636 1907 740 1969 Monte
752 1902 833 1968 Car.

98 1995 189 2054 melo.
201 2013 233 2052 n.
244 2012 314 2073 290.

51 2088 233 2155 Benedictio
248 2089 418 2166 scapularis
432 2090 464 2150 S.
481 2090 594 2153 Maria
604 2104 718 2170 septem
732 2096 832 2156 Dolo-

98 2205 180 2244 ram.
201 2202 318 2262 n.291.

54 2276 232 2337 Benedictio
256 2277 427 2356 scapularis
452 2280 658 2358 conceptionis
681 2280 833 2347 immacu·

100 2371 174 2433 latoe
185 2369 244 2431 Dei
258 2369 377 2432 Matris.
394 2389 425 2430 n.
442 2389 511 2452 292.
