1956 3608
98 211 160 284 ²34
321 218 426 265 nnrxrs
447 212 653 273 cosmum.
724 254 728 261 ,

45 360 49 367 ,
96 326 241 399 quantum
256 311 468 385 adsensum),
487 313 526 369 ita
540 311 626 369 etiarn
643 308 770 386 graviter
783 315 866 388 pecori

99 409 259 485 Paruulus,
274 416 305 466 nt
318 406 401 466 aiunt
418 405 612 465 communiter
626 400 776 478 doctores,
791 406 814 462 si
828 421 869 481 per

98 526 148 580 se,
171 503 217 564 vel
238 520 287 580 per
304 496 393 560 aliam
411 496 546 559 idoneam
566 516 719 578 personam
744 501 758 566 (
769 497 870 577 quoties

98 603 160 680 ipse
170 597 255 657 suerit
268 592 395 672 legitime
407 590 579 672 impeditus,
593 601 626 651 nt
636 589 765 651 habetur
774 593 804 650 in
815 608 871 651 con·

97 692 146 757 cil.
155 687 349 762 Tridentino,
362 707 436 749 sess.
448 730 476 746 ..
490 731 498 746 .
510 730 518 746 .
531 708 604 761 cop.
616 694 670 758 2.)
691 682 871 745 omiseritdo

98 806 161 849 cere
169 784 269 846 saltem
279 785 309 843 in
320 784 480 843 substantia
489 800 555 841 suos
563 782 754 860 primanos,
763 797 872 861 pueros,

99 890 128 941 et
146 878 279 953 adultos,
302 880 353 958 qui
371 895 404 937 ea
421 879 564 953 ignorant.
589 872 676 934 Unde
691 876 871 954 quotiesipse

98 974 180 1035 videt
194 983 309 1053 patres,
332 981 383 1032 ant
395 968 527 1030 dominos
536 988 600 1029 uon
616 978 754 1030 curantes
769 970 873 1029 mittere

99 1068 194 1142 lilios,
213 1077 264 1127 aut
277 1084 375 1126 servos
386 1063 425 1125 ad
439 1063 619 1137 doctrinam,
642 1073 760 1125 tenetur
779 1081 874 1143 appre-

96 1162 225 1224 hendere
238 1159 331 1223 media
347 1168 506 1240 opportuna
521 1155 600 1239 apud
611 1160 799 1241 episcopum,
810 1158 873 1236 qni,

100 1255 876 1337 uthaberurinTrideottm,sesama,potor

98 1374 196 1432 cogere
208 1358 348 1432 genitores
360 1356 447 1412 etiam
464 1371 513 1429 per
523 1346 729 1413 ecclesiastiae
737 1367 875 1413 mauras.

99 1447 218 1509 Paroclri
243 1448 324 1526 probi
357 1448 480 1505 retinent
497 1453 613 1505 notam
648 1462 827 1525 puerorum,
847 1449 877 1502 nt

99 1545 188 1603 sciant
205 1543 317 1621 eosqui
333 1538 448 1603 desunt.
461 1540 525 1600 lrno
540 1537 608 1600 dicit
627 1540 752 1615 Greia),
775 1539 828 1601 lib.
840 1561 878 1612 a,

98 1639 306 1717 quaeserunt,
330 1635 431 1696 estid.
456 1637 499 1708 3,
527 1654 560 1711 ρ.
579 1658 614 1708 ι,
635 1654 723 1692 num.
742 1632 803 1712 767
824 1674 833 1707 ‚
856 1632 878 1690 si

99 1738 214 1790 exstent
228 1747 353 1808 persone
364 1724 469 1804 aliqua
487 1723 590 1799 rudes,
604 1742 668 1804 quae
685 1733 834 1802 nequeant
843 1718 878 1783 ad

100 1822 246 1883 ecclesiam
270 1822 393 1891 venire,
422 1838 458 1878 ex
477 1838 511 1878 eo
528 1820 596 1898 quia
619 1813 726 1877 debent
739 1815 880 1879 custodire

101 1913 223 1986 domos,
248 1921 299 1971 aut
323 1929 417 1988 greges
437 1929 445 1979 ;
471 1912 495 1969 si
520 1908 574 1970 illae
599 1910 726 1969 existant
750 1911 783 1969 in
803 1909 881 1986 gravi

100 2005 268 2066 necessitate
287 2001 448 2084 spirituali,
473 1999 557 2061 debet
579 1998 724 2061 Parochus
745 2001 882 2080 privatim

101 2099 233 2162 accedere
247 2097 284 2158 ad
298 2119 345 2158 eas
361 2092 546 2156 instmendas
556 2116 629 2156 cum
643 2108 883 2173 quantocunque

98 2212 157 2251 suo
170 2189 391 2259 incommodo,
413 2195 445 2244 ut
458 2186 585 2264 loquitur
597 2184 677 2246 idem
691 2194 800 2247 auctor.
814 2183 882 2244 Sal·

100 2292 158 2345 tem
169 2322 180 2354 ,
191 2278 310 2360 qnando
323 2278 377 2340 lroc
388 2275 593 2341 difficillimum
607 2289 681 2340 esset
692 2281 732 2342 ob
742 2296 881 2358 magnum

100 2392 253 2437 numerum
268 2373 373 2435 irarum
389 2370 505 2434 rudium
520 2390 731 2454 personamm‚
752 2380 883 2452 procuret

100 2490 149 2531 eas
171 2471 361 2543 examinare,
385 2477 413 2529 et
437 2469 575 2527 instruere
600 2475 727 2546 tempore
750 2466 883 2546 praecepti

101 2561 241 2642 paschalis
254 2581 262 2630 a
276 2561 320 2619 vel
335 2558 452 2639 qnando
468 2559 590 2619 veniunt
604 2557 642 2619 ad
657 2555 797 2638 petendas
810 2555 883 2619 fides

102 2676 153 2737 pro
167 2657 345 2734 susceptione
362 2656 531 2714 sacramenti
549 2654 813 2728 confirmationis,
834 2652 882 2713 vel

102 2750 291 2813 Matrimonii.
309 2747 412 2828 Operae
425 2768 540 2829 quoque
553 2752 677 2830 pretium
693 2757 756 2825 est,
775 2759 809 2809 ut
820 2747 881 2808 ra-

102 2847 203 2910 rochus
216 2843 342 2925 exploret
356 2847 522 2923 magistros,
539 2853 567 2903 et
578 2845 749 2920 magistras,
763 2853 797 2905 ut
807 2845 882 2905 hene

101 2944 245 3003 instruant
265 2959 368 3022 pueros
383 2949 412 3001 et
430 2936 538 3019 puellas
557 2939 632 2999 circa
654 2937 837 3014 doctrinam,
850 2945 882 2998 et

102 3035 197 3095 modia
211 3038 285 3096 bene
298 3033 417 3095 vivendi
432 3037 462 3094 in
477 3042 576 3095 sancto
588 3032 644 3093 Dei
657 3034 767 3094 timore.

145 3143 210 3209 ¹97·
230 3128 271 3188 tl.
292 3127 437 3191 Parochus
458 3137 569 3189 tenetur
595 3146 645 3206 per
664 3145 694 3187 se
716 3128 882 3187 ministrare
