1956 3608
211 189 238 264 §.
250 208 285 253 rr.
304 200 392 251 cunct
405 207 515 253 uanum
529 206 691 251 orrrmun.
817 208 838 270 9

64 301 175 381 quibus
194 309 285 380 potest
304 298 365 360 dari
386 301 546 377 ignorantia
561 295 758 371 invincibilis,
778 295 844 359 lieet

65 398 106 455 sit
121 396 188 471 juris
205 393 320 470 divini,
339 403 369 454 et
382 394 537 474 prudenter
550 393 749 454 confessarius
761 392 844 452 exis-

66 490 152 548 timet
163 488 389 549 admonitionem
403 507 461 548 non
476 487 655 567 profuturam
669 485 843 560 Poenitenti‚

69 590 140 640 tunc
148 576 352 641 abstinendum
365 580 402 639 ab
413 577 609 640 admonitione
620 582 689 654 erit,
705 587 733 638 et
748 578 844 638 Poeni-

66 683 132 735 tens
150 671 355 752 relinquendus
377 675 408 732 in
431 693 481 734 sua
505 671 665 735 bonafide.
694 673 731 732 Et
745 673 775 731 in
789 670 844 733 boc
872 713 875 721 ·

65 767 243 826 conveniunt
257 763 394 825 Doctores
416 762 555 841 rigidioris
574 765 732 823 sententiae.
758 763 844 823 Ratio

66 866 129 930 est,
148 857 215 936 quia
235 857 327 932 magis
344 852 506 914 cavendum
530 865 573 914 est
592 875 609 914 a
632 853 755 933 periculo
774 873 844 932 poc-

64 951 122 1010 cati
138 946 288 1022 sarmatis,
302 966 391 1026 quam
406 945 577 1022 materialis,
597 950 666 1025 quia
682 946 761 1005 Deus
776 956 845 1005 tan-

66 1053 133 1103 tum
148 1041 265 1102 formale
278 1043 380 1122 punit,
394 1039 535 1121 siquidem
550 1041 607 1103 hoe
618 1039 798 1103 solummodo
810 1042 842 1101 in

66 1137 113 1196 sni
128 1133 265 1196 offensam
283 1133 380 1195 habet.
410 1134 472 1196 Hoc
493 1134 556 1194 fuse
578 1136 729 1215 probatum
748 1144 790 1195 est
811 1138 842 1197 in

65 1245 151 1307 opere
164 1225 264 1286 morali
280 1229 326 1297 (t)
341 1246 407 1285 cum
419 1228 566 1286 communi
578 1225 665 1300 Do„
680 1227 776 1304 paucis
788 1245 843 1286 ex-

65 1325 167 1402 ceptis.
187 1323 254 1399 Qua
269 1319 305 1380 de
325 1341 354 1381 re
366 1319 433 1381 hinc
448 1322 535 1403 etiarn
550 1341 614 1381 cum
634 1324 780 1395 communi
796 1328 841 1398 (2)

66 1416 210 1492 infertur,
241 1415 319 1495 quod
343 1414 455 1496 siquis
479 1417 699 1479 Matrimonium
725 1428 842 1480 coutra-

65 1513 155 1572 xissct
174 1509 334 1595 invalidum
359 1519 472 1590 propter
488 1509 605 1590 aliquod
623 1512 764 1572 occultum
784 1516 841 1573 im-

64 1601 285 1685 pedimentum,
299 1613 326 1662 et
339 1604 368 1661 in
379 1604 454 1662 bona
470 1603 527 1661 lide
543 1615 690 1680 maneret,
705 1615 732 1664 et
744 1616 840 1667 contra

66 1694 224 1775 periculum
240 1695 369 1754 subesset
390 1692 537 1767 infamiae,
555 1693 703 1770 scandali,
724 1704 774 1755 aut
792 1699 842 1757 in-
876 1746 880 1753 .

45 1827 48 1835 =
66 1793 271 1864 continentiae‚
293 1791 316 1847 si
334 1788 564 1848 manifestaretur
582 1790 759 1850 Matrimonii
775 1791 842 1851 nul·

66 1882 150 1957 litas,
176 1892 244 1942 tunc
260 1881 457 1940 confessarius
474 1881 558 1942 debet
575 1903 640 1942 eum
654 1887 684 1942 in
698 1904 748 1944 sua
765 1886 839 1947 bona
867 1954 870 1961 ,

67 1974 128 2037 lide
149 1976 329 2055 relinquere,
350 1973 441 2035 donec
465 1973 704 2054 dispensationem
724 1999 740 2038 a
761 1970 865 2042 sacra*

66 2068 341 2150 poenitentiariatilli
363 2069 516 2130 obtinuerit
538 2072 661 2150 (excipe
678 2080 795 2148 tamen,
816 2078 840 2135 si
865 2148 868 2153 ,

66 2161 242 2242 dispensatio
257 2165 371 2237 statim,
389 2172 417 2223 et
431 2162 512 2224 facile
529 2152 650 2224 obtineri
666 2167 785 2244 possit).
804 2168 841 2231 Et

67 2259 98 2316 in
122 2256 175 2316 hoc
195 2276 260 2316 casu
275 2299 284 2330 ‚
305 2275 409 2336 nempe
424 2276 489 2318 cum
504 2259 535 2317 in
549 2258 623 2319 bona
640 2257 696 2318 lide
711 2263 840 2338 vivitur,

67 2350 91 2411 si
106 2350 178 2408 forte
193 2349 337 2408 Poenitens
358 2367 388 2407 se
410 2360 552 2410 accusaret
573 2371 690 2429 negasse
710 2350 839 2418 debitum

66 2441 217 2519 conjugale
230 2445 292 2503 sine
308 2445 382 2518 justa
399 2461 507 2519 causa,
525 2442 625 2505 dicunt
643 2445 779 2508 Doctores
794 2454 839 2523 (3)

67 2535 282 2596 Conlessarium
297 2533 398 2596 debere
415 2536 518 2616 pariter
535 2535 573 2598 ad
594 2537 647 2598 boc
667 2537 748 2612 illum
767 2542 841 2603 obli-

66 2645 152 2704 gare,
162 2622 281 2685 dicendo
290 2627 319 2685 in
329 2627 449 2702 generali
459 2669 468 2701 ‚
480 2627 557 2708 quod
565 2633 698 2710 conjuges
708 2642 839 2695 tenentur

67 2719 124 2779 sub
146 2719 225 2807 gravi
248 2719 368 2779 invicem
390 2719 518 2781 debitum
535 2720 660 2784 reddere.
686 2727 840 2803 Quomodo
937 2742 946 2760 ‘

67 2820 164 2877 autem
181 2830 210 2871 se
223 2830 317 2889 gerere
331 2810 434 2872 debeat·
448 2814 644 2875 Conlessarius
661 2838 725 2878 curn
749 2839 840 2895 spon·
951 2868 955 2876 .

66 2902 108 2962 sis
133 2903 182 2979 qui
199 2905 317 2979 jamjam
341 2908 510 2965 contracturi
531 2917 598 2966 sunt
619 2909 837 2971 Matrimonium

118 2998 135 3023 0

101 3081 140 3144 (r)
159 3080 240 3133 Nun.
252 3082 310 3133 610.
378 3084 417 3149 (a)
436 3083 516 3135 Num·
529 3088 587 3134 dtr.
658 3083 694 3145 (3)
713 3084 779 3140 ibid.

662 3181 730 3244 bb
