1956 3608
224 224 251 303 §.
265 246 322 290 vnr
336 235 527 288 reuersurus
538 238 684 301 ,raucam
700 236 753 288 etc.
816 228 873 306 293

140 335 255 396 Deinde
279 336 369 398 dicere
390 345 481 418 potest
498 339 638 396 orationes
655 355 719 416 quae
736 337 766 393 in
781 332 873 394 rituali

98 443 150 514 pro
167 435 302 494 Extrema
322 434 464 494 Unctione
478 442 600 492 exstant.
616 432 715 492 Postea
732 429 875 510 Redemp-

98 531 168 603 toris
186 529 339 606 imaginem
358 528 477 605 accipiat
498 525 594 586 dicens
615 549 623 584 ε
648 529 725 588 Ecce
751 547 872 587 crucem

99 623 242 692 Domini‚·
259 625 359 702 sugite
375 635 479 696 partes
493 622 640 682 crdrersoe.
663 621 699 679 Er
712 630 813 698 egroto
827 639 874 679 os-

97 711 250 772 culandam
268 714 413 792 praebeat,
443 711 539 772 dicens
555 733 562 770 :
578 713 764 772 -Deoscuiore
781 713 871 787 pedes

96 808 170 866 Jesu
191 807 305 880 Christi
323 807 423 885 quiin
444 807 503 868 hae
519 825 610 867 cruce
631 825 688 881 pro
702 804 800 863 solute
818 817 871 863 ruo

94 912 235 961 mortuus
250 912 304 960 est.

97 1054 101 1064 ,
133 995 204 1056 285.
219 990 434 1053 Deindedicat:
448 994 477 1051 in
489 991 551 1051 Deo
562 1034 571 1064 ,
583 989 684 1064 N.N.,
699 991 870 1071 igiturspem

94 1096 174 1148 tnarn
188 1090 261 1163 jacta
274 1109 281 1143 :
298 1105 409 1167 sperare
424 1085 558 1146 volumus
574 1086 696 1145 Mariam
712 1105 727 1144 a
744 1083 807 1144 Deo
821 1105 868 1145 sa·

91 1179 182 1241 iurem
206 1182 257 1240 tibi
279 1179 450 1240 intercedere
472 1179 573 1237 velle:
598 1179 751 1237 infirmitas
773 1188 867 1238 tamen

90 1276 187 1353 gravis
198 1282 261 1347 est,
279 1272 421 1332 voluntati
437 1273 491 1331 Dei
508 1282 585 1332 tuam
603 1271 767 1346 conforma,
784 1281 816 1330 ut
834 1271 870 1331 de

89 1377 117 1430 te
129 1367 214 1426 saciat
228 1365 306 1444 quod
318 1368 377 1446 ipse
390 1366 461 1427 vult.
478 1368 529 1427 Eia
540 1369 643 1443 igitur,
660 1385 771 1425 mecum
784 1369 867 1426 recita

87 1462 260 1524 christianos
273 1471 371 1536 actus,
386 1472 418 1523 ut
429 1483 494 1523 cum
508 1465 568 1521 istis
579 1458 616 1522 ad
632 1471 750 1521 mortem
768 1471 794 1521 te
809 1459 868 1520 dis·
961 1462 963 1467 ’

87 1573 195 1634 ponere
210 1552 328 1625 valeas,
347 1556 369 1610 si
388 1573 436 1632 pro
451 1553 529 1623 hono
544 1555 646 1612 animae
662 1563 717 1612 tnae
733 1555 772 1613 sic
787 1552 867 1613 Deus

87 1645 315 1731 determinavit:
335 1644 380 1706 dic
393 1664 457 1722 ergo
472 1665 596 1703 mecum.

130 1743 200 1803 286.
221 1746 319 1802 Actus
330 1743 414 1814 fidei.
437 1741 515 1800 Dens
527 1759 627 1816 meus,
642 1739 798 1800 infallibilis
815 1760 865 1800 ve·

85 1821 174 1909 ritas,
191 1838 258 1916 quia
275 1845 305 1894 tu
320 1833 398 1915 quod
411 1834 523 1896 credere
534 1833 674 1909 debeam,
691 1834 720 1894 S.
736 1834 868 1901 Ecclesiae

86 1931 238 2003 revelasti,
257 1929 340 1992 credo
358 1930 436 2010 quod
454 1928 491 1990 ad
513 1929 685 1991 credendum
707 1930 777 1990 mihi
796 1951 864 2011 pro-

86 2028 169 2105 ponit
182 2024 315 2084 Ecclesia.
334 2024 427 2085 Credo
443 2036 468 2085 te
483 2045 543 2085 esse
558 2012 653 2085 Deum
670 2045 767 2084 meum
777 2046 864 2117 bom-

85 2121 170 2179 nium
196 2119 382 2196 Creatorem,
408 2125 458 2200 qui
484 2142 533 2202 per
559 2130 646 2182 totam
675 2122 862 2179 aeternitatem

85 2211 218 2293 paradiso
231 2217 321 2290 justos
336 2237 523 2291 remuneras,
545 2226 702 2297 peccatores
719 2235 786 2276 vero
799 2235 863 2276 cas·

85 2308 156 2384 rigas
174 2305 295 2365 inferno.
322 2308 415 2366 Credo
432 2314 600 2387 mysterium
616 2311 670 2371 SS.
685 2313 860 2384 Trinitatis,

83 2399 113 2460 id
128 2409 190 2472 est,
212 2399 345 2472 Patrem,
362 2402 487 2475 Filium,
504 2412 532 2461 et
546 2403 685 2480 Spiritum
701 2404 862 2476 Sanctum,

84 2505 140 2556 tres
155 2514 308 2574 personas,
327 2494 376 2554 sed
395 2516 486 2555 unum
509 2497 617 2556 Deum.
642 2494 735 2556 Credo
754 2515 860 2556 secun-

83 2588 151 2653 dam
171 2610 343 2669 personam,
369 2591 398 2650 id
415 2601 476 2666 est,
494 2591 600 2652 Filium
616 2592 691 2664 Dei,
710 2591 857 2655 hominem

81 2683 189 2742 sactum
214 2685 243 2740 in
262 2692 342 2742 utero
363 2684 463 2744 Mariae
481 2705 592 2766 semper
613 2687 749 2764 virginis,
765 2695 858 2767 etpro

81 2777 165 2835 nobis
180 2778 372 2856 peccatoribus
400 2788 544 2838 mortuum
567 2799 637 2838 esse.
670 2778 741 2838 lnde
759 2797 857 2838 resur-

82 2872 173 2944 rexit,
191 2883 218 2932 et
232 2893 310 2934 nnnc
323 2872 400 2933 sedet
414 2873 451 2934 ad
465 2873 610 2935 dexteram
625 2875 734 2945 Patris;
751 2883 779 2934 et
789 2871 856 2933 inde

81 2959 220 3026 venturus
239 2977 281 3026 est.
301 2966 426 3044 judicare
445 2973 527 3029 vivos
548 2979 576 3028 et
592 2979 727 3029 mortuos.
761 2967 856 3030 Credo

81 3073 189 3142 septem
204 3073 300 3123 sancta
319 3063 523 3139 Sacramenta,
548 3075 576 3124 et
590 3068 728 3145 precipue
743 3067 856 3148 Baptis-

81 3177 159 3219 mum
175 3199 184 3231 ,
212 3157 437 3237 Poenitentiam,
454 3159 663 3224 Eucharistiam
678 3201 690 3232 ,
705 3171 734 3221 ct
750 3165 855 3225 Eutre-

667 3242 746 3304 Μ
