1956 3608
97 210 159 273 216
316 222 421 269 naurs
438 214 644 264 courusstmr.

144 316 209 392 157.
229 314 268 373 Et
285 316 427 393 primum,
447 308 544 390 quoad
568 310 752 381 orationem,
779 329 806 368 r.
819 318 868 369 tres

99 410 199 471 saitem
212 408 296 469 horas
311 408 447 465 orationis
469 400 601 464 mentalis
621 397 757 475 efficere,
786 421 870 461 unam

100 520 188 561 mane
198 540 209 573 ,
221 498 306 559 eiiam
321 515 458 576 vespere,
478 504 507 553 et
519 494 605 554 aliam
618 502 682 573 post
695 494 874 553 communio·

101 616 178 655 nem.
192 616 222 651 2.
237 592 364 651 visitare
379 592 435 651 SS.
449 591 692 660 Sacramentum,
709 598 740 647 et
752 588 872 649 Mariam

99 688 156 749 SS.
171 706 219 766 per
232 685 425 759 semihoram,
447 683 493 743 vei
504 683 605 743 saitem
616 679 822 760 quadrantem.
841 682 872 741 lu

100 780 147 840 his
160 780 336 840 orationibus
357 779 504 839 incumbat
523 774 697 837 renovandis
716 778 793 836 votis
813 774 872 854 piu·

102 878 158 935 ries
168 878 198 934 in
210 875 277 945 die,
291 876 314 932 si
326 875 385 949 jam
397 874 521 931 emiserit
530 870 756 951 professionem
770 868 872 930 veiiilis

102 970 208 1048 quibus
231 968 302 1026 sorte
320 986 352 1024 se
374 964 519 1041 obligauit.
545 966 574 1023 3.
596 962 731 1025 Recitare
743 966 872 1024 rosarium

102 1061 201 1120 saltem
223 1061 352 1138 quinque
370 1056 510 1117 decadum
534 1077 601 1117 cum
619 1056 687 1117 aliis
703 1058 871 1119 orationibus

103 1152 269 1222 vocalibus;
286 1150 336 1211 sed
351 1150 396 1211 hae
407 1170 466 1210 non
480 1153 538 1209 siut
549 1150 613 1229 pius
627 1148 724 1226 justo,
737 1154 802 1233 quia
812 1168 872 1211 cum

106 1246 199 1326 piures
211 1256 297 1320 sunt,
318 1248 472 1306 recitantur
485 1263 550 1303 cum
566 1245 644 1301 tenui
660 1243 775 1318 fructu,
795 1249 873 1322 caput

103 1350 280 1417 aggravant,
303 1349 332 1398 et
351 1339 418 1397 iude
438 1341 594 1398 orationem
611 1338 768 1397 mentalem
786 1339 873 1416 impe⁴

103 1431 197 1492 diunt.
218 1437 249 1503 4.
265 1432 313 1489 Uti
329 1434 484 1509 sepissime
497 1432 675 1489 orationibus
691 1431 870 1506 jaculatoriis:

104 1536 188 1596 ut,e.
197 1546 238 1597 c.,
253 1526 337 1583 Deus
348 1546 435 1586 meus
444 1524 607 1599 eiomnio,
621 1526 824 1601 quombonus
832 1546 874 1599 es,

104 1620 188 1680 Deus
210 1639 296 1679 meus
316 1620 326 1679 .'
348 1618 483 1698 Diiigum
503 1630 550 1694 tc,
578 1620 653 1678 Jesu
667 1640 762 1679 umor
775 1640 873 1691 meus,

102 1734 159 1789 pro
168 1710 429 1789 mccrucifixum!
437 1712 683 1788 Domine‚quare
690 1732 755 1771 non
765 1711 874 1774 amaris

103 1808 143 1865 ob
156 1808 298 1865 omnibus
316 1808 331 1864 ,Ρ
349 1802 399 1867 On
413 1807 533 1864 utinam
555 1819 584 1865 et
602 1825 764 1883 nunquam
778 1804 876 1885 offen·

103 1899 215 1959 dissem
230 1911 257 1957 te
272 1894 283 1952 i
299 1895 401 1970 Voio,
417 1898 549 1958 Domine
559 1942 569 1974 ,
580 1918 775 1976 quoecnnqne
785 1912 816 1957 tu
827 1898 874 1956 vis.

105 1992 235 2071 Quando
246 2004 272 2051 te
280 1992 385 2051 videbo
396 2035 406 2067 ,
416 1994 563 2052 etnmobo
570 1988 876 2069 desocicudsociem!

102 2085 183 2145 Ecce
195 2107 243 2146 me
257 2103 269 2152 ,·
277 2084 339 2161 fiut
349 2086 389 2144 de
401 2105 450 2144 mc
465 2085 667 2162 quodcunque
681 2086 737 2146 vis.
752 2086 876 2145 insinuet

103 2194 273 2253 magnopere
288 2174 416 2232 Director
426 2173 591 2248 hujusmodi
603 2175 789 2249 jaculationes
799 2196 877 2235 amo·

103 2268 163 2331 ris,
176 2277 202 2324 et
218 2269 314 2325 anima
336 2269 433 2343 magui
450 2286 499 2326 eas
517 2267 611 2328 saciat.
633 2271 663 2331 5.
681 2270 812 2330 Orationi
826 2267 878 2330 ad·

104 2358 220 2435 jungere
241 2356 389 2417 lectionem
413 2360 589 2438 spirituatem
611 2381 660 2441 per
681 2360 876 2435 semihoram,

104 2452 223 2529 legendo
244 2472 326 2533 opera
350 2452 397 2513 vel
424 2453 607 2532 Rodriguez,
631 2454 677 2514 vel
702 2454 879 2532 Santjuraei,

104 2548 150 2606 vel
168 2549 278 2606 Monita
294 2546 330 2605 ad
347 2549 512 2623 religiosos,
539 2547 583 2606 vel
599 2547 688 2607 aliurn
704 2547 810 2608 librum
830 2548 878 2627 qui

106 2647 204 2697 tractat
216 2638 252 2696 de
267 2642 421 2697 virtutihus
433 2661 441 2707 3
461 2639 505 2698 vel
522 2640 611 2718 legere
621 2644 696 2701 vitas
708 2642 877 2703 Sanctorum

104 2751 226 2813 quarum
238 2730 319 2789 lectio
329 2740 372 2791 est
381 2732 508 2793 fortassis
518 2738 624 2794 ceteris
633 2734 877 2796 omnibusutiiior.

149 2834 214 2897 158.
226 2832 516 2907 Secundo,accedere
525 2833 696 2913 quotidiead
705 2838 879 2898 communio·

105 2949 192 3004 nem,
208 2949 267 2989 uno
277 2937 393 3009 excepto
402 2925 447 2986 die
458 2930 487 2987 in
499 2930 602 3007 quavis
612 2928 807 2993 hebdomada.
821 2927 877 2989 Sed

106 3027 136 3082 iu
151 3028 271 3085 novenis
284 3026 407 3106 Spiritus
421 3024 539 3100 Sancti,
561 3024 727 3088 Natiuitatis
741 3027 877 3099 Domini,

98 3126 135 3201 ⁴et
144 3118 244 3182 Mariae
255 3123 457 3196 sanctissime,
471 3130 501 3182 et
513 3130 675 3183 sauctorum
690 3121 878 3183 Patrouorum

695 3216 880 3273 eommunicet
