1956 3608
241 202 725 276 §.r.rron1naaocorrrussanros.
811 226 871 289 aa]

98 331 172 371 vero
201 322 268 373 sunt
295 314 518 392 praescriptiones
546 311 601 373 illae
638 333 703 393 quae
744 332 874 393 expresse

98 405 287 485 prohibentur
301 408 339 468 ab
354 405 449 486 aliqua
466 407 525 484 lege
544 407 734 488 municipali‚
755 417 807 482 ut,
829 428 875 468 err.

99 520 164 576 gn,
192 504 221 560 in
235 521 320 580 regno
333 511 431 582 nostro
444 504 608 581 reprobatur
622 505 792 583 prescriptio
810 501 876 563 hae-

100 593 199 670 redis,
232 600 344 677 quoties
369 605 485 655 testator
511 596 586 656 mala
619 596 677 657 lide
707 596 873 677 possederit.

99 687 265 753 Videantur
289 691 352 752 aliae
374 690 509 752 doctrinae
535 694 607 751 circa
635 696 874 772 praescriptionem

101 783 197 845 relate
222 788 252 845 in
279 784 379 845 morali
415 787 516 854 (Lib.
540 791 580 859 3,
611 806 653 847 ex
676 806 764 844 num.
793 791 875 859 504,

98 901 196 958 usquc
210 881 253 940 ad
273 884 341 957 517.
354 887 378 953 >.

147 975 213 1035 185.
238 973 325 1033 Xlll.
356 974 388 1034 Si
413 975 560 1035 Poeuiteus
584 974 712 1055 aliquam
741 978 878 1054 acceperit

98 1066 264 1144 injuriam,
288 1079 501 1149 propterquam
520 1072 655 1131 inimicus
672 1073 708 1131 sit
724 1070 879 1150 inquisitus
925 1148 927 1153 Ι

100 1166 132 1222 in
157 1165 261 1239 curia,
293 1183 351 1225 non
377 1165 508 1224 absolvat
532 1165 614 1223 illum
640 1163 810 1232 (ordinarie
832 1163 880 1223 lo-

100 1252 249 1332 quondo),
259 1256 315 1311 nisi
323 1257 401 1333 prius
409 1257 440 1312 in
449 1254 663 1333 scriptisfecerit
673 1256 879 1313 remissionem.

100 1342 248 1404 Videatur
264 1363 388 1423 praesens
402 1345 502 1405 Praxis
518 1367 605 1406 num.
620 1346 671 1407 38.

149 1439 213 1500 ι86.
229 1439 315 1500 xlv.
331 1438 458 1520 Quando
471 1439 609 1521 praevidet
622 1441 811 1500 monitionem
820 1460 879 1502 non

101 1553 165 1594 esse
184 1534 384 1613 profuturam,
406 1545 435 1594 et
448 1535 594 1594 Poenitens
608 1546 651 1597 est
665 1539 695 1595 in
712 1536 785 1597 burra
802 1535 879 1613 lide,

101 1626 182 1687 illam
197 1629 312 1686 omittat
327 1648 334 1683 :
350 1629 506 1705 praesertim
522 1625 640 1703 quando
654 1629 746 1702 agitur
760 1627 796 1686 de
810 1628 880 1688 nul-

102 1718 183 1779 litate
197 1719 375 1779 Matrimonii
392 1716 452 1793 jam
466 1718 611 1778 contracti.
641 1716 815 1795 Excipienda
837 1727 880 1778 ta·

103 1833 173 1875 rnen
187 1822 230 1872 est
247 1812 381 1890 obligatio
396 1809 587 1872 denuntiandi
606 1810 802 1871 confessarios
823 1812 881 1872 sol·

104 1906 244 1967 licitantes
256 1911 287 1967 in
299 1909 416 1967 materia
428 1909 524 1986 turpi,
541 1908 679 1986 quoniam
691 1906 881 1966 Confessanio

104 1997 211 2058 directe
223 2010 265 2058 est
275 2002 438 2076 injunctum
453 2006 624 2077 praeceptum
639 1997 805 2076 imponendi
817 2018 881 2057 onr-

104 2093 193 2152 nibus
203 2093 438 2154 sollicitatishanc
446 2091 658 2169 obligationem.
671 2089 746 2150 Vide
754 2091 881 2165 Praxim,

105 2193 328 2267 num.8‚9et
346 2213 391 2249 12.

153 2283 218 2357 187.
240 2281 311 2341 XV.
342 2282 430 2341 Curet
457 2291 489 2340 ut
518 2300 618 2342 omnes
645 2282 676 2340 in
706 2267 882 2342 confectione

108 2375 223 2435 eliciant
243 2381 339 2432 actum
359 2374 554 2446 contritionis,
573 2375 629 2431 nisi
643 2382 717 2432 certe
730 2381 885 2451 praesumat

110 2472 298 2530 Poeuitentem
313 2471 372 2545 jam
382 2468 433 2526 rite
445 2465 542 2526 fecisse
555 2487 561 2522 :
574 2484 626 2524 nec
636 2467 748 2524 omittat
760 2466 884 2544 praebere

110 2566 165 2625 illis
186 2567 293 2625 motiva
310 2563 483 2634 attritionis,
510 2568 538 2619 et
555 2559 730 2620 contritionis
750 2556 884 2619 eomodo

111 2681 168 2740 quo
190 2658 393 2719 adnotavimus
413 2677 501 2716 num.
530 2675 574 2714 ro.
610 2653 647 2713 Et
665 2652 779 2733 speciali
796 2650 883 2713 modo

112 2755 259 2828 advertat,
274 2755 298 2811 si
308 2751 569 2810 Poenitensvenerit
579 2747 781 2828 indispositus‚
794 2749 882 2806 teneri

114 2848 344 2918 Contemnunt,
360 2852 501 2923 quantum
515 2841 575 2899 lieri
586 2849 695 2920 potest,
708 2857 774 2898 eum
785 2837 882 2917 dispo·

114 2961 180 3004 nere
195 2941 231 2999 ad
245 2941 463 3000 absolutionem.
480 2935 558 3009 Vide
570 2956 656 2995 nom.
670 2951 705 3012 γ,
725 2930 843 3007 infinc.

160 3037 224 3099 188.
244 3033 329 3092 XVl.
356 3032 422 3091 Non
434 3028 564 3089 absolvat
578 3027 750 3087 Poeuiterrles
759 3025 820 3086 illos
833 3032 882 3108 qui

115 3131 238 3194 afferunt
249 3124 449 3189 tantummodo
464 3116 574 3203 peccalo
585 3122 728 3202 venialia,
741 3121 793 3182 sed
802 3122 885 3182 babi-
