1956 3608
136 216 190 307 ⁸82
302 272 307 280 ,
371 226 476 275 rntxrs
494 211 699 287 consessum.

150 327 302 408 praesertim
319 345 367 386 eos
384 329 434 406 qui
451 336 581 406 spectatae
603 336 670 387 sunt
690 325 859 406 dignitatis)
884 326 931 389 ad

88 468 91 473 .
149 422 250 481 incitas
267 421 364 480 mortis
379 417 493 493 reduci,
508 429 540 480 ut
556 421 678 482 rationes
691 423 758 481 vitae
774 419 838 482 Deo
855 441 924 483 mox

150 511 310 574 reddituras
324 523 443 594 parent,
464 524 589 594 tempore
604 535 661 595 quo
671 522 743 575 sunt
757 516 839 594 quasi
854 534 925 577 exa·

150 612 266 683 nimes,
292 628 358 672 cum
374 612 424 670 vix
440 613 548 690 possint
567 610 653 671 verba
668 618 737 671 tuuc
754 608 926 688 modulare,

152 707 202 767 vin
222 704 293 767 alios
313 700 434 781 audire,
459 706 508 765 vix
525 713 632 765 statum
647 707 792 784 concipere
806 707 927 787 propria

152 805 347 877 conscientiae,
358 797 531 880 suorumque
541 809 719 879 peccatorum
730 799 867 862 dolorem.
887 802 928 863 Et

152 906 244 959 totum
257 897 311 958 hoc
326 897 422 958 evenit
434 895 516 975 cutpa
530 896 647 954 istorum
663 893 860 972 medicorum,
874 895 926 976 qui

153 1013 191 1053 ne
203 991 369 1071 displiceant
386 991 526 1062 infirmis,
547 998 599 1050 aut
620 1007 718 1050 eorum
739 984 946 1073 propinquiss

120 1136 123 1141 .
154 1087 216 1147 iilos
236 1089 365 1149 certiores
383 1105 442 1144 non
464 1083 790 1164 iaciuntdepericu103
811 1089 871 1148 imo
884 1089 926 1148 eis

152 1176 275 1240 blandiri
290 1187 409 1259 pergunt
424 1175 598 1256 usquedum
614 1179 733 1238 omnino
746 1180 798 1257 ipsi
813 1177 852 1239 de
866 1182 927 1241 vita

153 1270 347 1352 desperantur.
374 1271 449 1331 Cum
468 1273 552 1348 igitur
567 1268 675 1331 accedit
693 1270 820 1333 medicus
834 1271 928 1351 negli-

152 1369 244 1448 gentis
258 1368 434 1428 conscientie
449 1408 458 1439 ,
480 1375 559 1425 curet
577 1364 774 1426 Confessarius
789 1368 930 1448 praecipue

153 1478 217 1521 eum
235 1461 403 1534 interrogare
418 1466 445 1516 et
459 1474 593 1532 monere,
609 1475 668 1516 non
680 1458 784 1530 obiter,
800 1457 850 1517 sed
861 1478 928 1520 cum

92 1547 930 1626 wmAEQOmmmmm

65 1628 70 1639 ’
153 1665 220 1707 nem
240 1643 361 1704 infirmis
377 1663 384 1712 ;
402 1642 502 1702 saitem
520 1640 636 1722 quando
654 1641 776 1702 advertit
791 1645 928 1705 morbum

153 1743 213 1818 jam
224 1758 284 1799 esse
294 1757 408 1817 gravem
418 1779 427 1812 ,
437 1746 487 1797 aut
498 1735 610 1797 dubitat
618 1736 694 1817 quod
706 1739 741 1796 sit
752 1740 810 1814 jam
820 1743 941 1823 gravis,¹

155 1845 188 1896 ut
202 1833 391 1896 communiter
409 1828 507 1890 dicunt
527 1831 596 1891 DD.
615 1833 664 1911 qui
680 1833 709 1890 in
723 1830 776 1892 hoc
790 1850 850 1891 uon
864 1830 928 1892 dis-

152 1935 279 2007 crepant.
305 1926 376 1986 Dico
388 1946 459 1984 cum
480 1926 602 2000 calore,
623 1944 690 1985 nam
705 1943 741 1985 ex
753 1923 809 1985 hoc
822 1935 929 2005 puncto

154 2020 258 2104 pendet
269 2019 345 2080 satus
360 2018 531 2099 spiritualis,
545 2039 602 2080 non
619 2029 731 2080 tantum
746 2018 849 2081 medici
865 2039 930 2102 por-

155 2119 291 2198 nitentis,
310 2112 359 2174 sed
374 2115 504 2174 omnium
518 2117 605 2175 ct'mm
616 2112 795 2174 infirmorum
808 2116 860 2194 qui
874 2115 928 2176 suh

156 2213 218 2287 ejus
231 2228 297 2277 cura
312 2214 405 2267 erunt.

194 2303 244 2364 58.
267 2303 398 2375 Octavo,
416 2302 440 2359 si
455 2298 561 2361 accedit
577 2297 817 2380 pharmacopola,
839 2301 929 2362 inter-

156 2404 285 2474 rogetur,
310 2421 334 2456 r.
353 2414 390 2454 an
407 2396 565 2474 praestiterit
577 2391 701 2454 remedia
716 2395 929 2473 pregnantibus

156 2490 192 2551 ad
219 2491 349 2549 abortum
373 2487 617 2569 procurandum?
644 2507 673 2547 2.
698 2486 746 2547 An
767 2484 929 2548 vendiderit

78 2586 88 2629 ἐ
156 2604 246 2645 uuum
261 2583 446 2662 pharmacum
463 2600 513 2663 pro
531 2582 606 2657 alio,
626 2583 760 2644 eternus
777 2601 866 2662 quam
885 2602 933 2645 res

82 2700 88 2753 ξ
159 2677 352 2750 mkmt(t
454 2742 457 2749 ,

84 2766 97 2856 ξ
194 2771 244 2851 59.
265 2772 371 2846 Nono,
389 2772 412 2829 si
426 2769 531 2832 accedit
549 2779 707 2846 mercator,
722 2771 927 2848 interrogetur,

87 2860 98 2939 ,i
160 2884 185 2927 r.
208 2885 246 2926 an
260 2864 401 2945 deceperit
415 2867 444 2924 in
460 2863 583 2944 pondere
597 2873 626 2924 et
640 2862 799 2924 mensura?
824 2886 855 2924 a.
878 2867 928 2927 An

74 2950 88 3117 p
104 2954 107 2960 ’
156 2978 200 3022 res
213 2956 373 3035 vendiderit
389 2957 462 3019 nitra
477 2959 601 3040 pretium
612 2976 776 3039 supremum
788 2998 798 3036 ,
811 2976 928 3040 preser-

82 3122 91 3225 ᾖ
117 3165 120 3168 <
141 3156 173 3193 :a
186 3145 227 3207 (ι)
244 3141 301 3196 Lib.
314 3142 349 3212 3,
366 3160 393 3197 n.
407 3147 466 3206 821·
517 3160 520 3165 ’
