1956 3608
161 194 166 203 ’
228 200 255 271 §.
271 215 303 258 v.
325 211 490 255 ueuuoous
506 213 607 267 vrum,
622 204 677 255 etc.
780 211 834 265 »ις

64 307 257 370 communicet
268 303 415 385 quotidie,
428 312 455 364 et
466 301 594 382 quotidie
605 300 707 362 saltem
719 306 843 361 tercom·

64 405 194 464 municet
206 398 397 481 spiritualiter.

108 498 175 577 159.
187 497 302 571 Tertio,
311 491 407 574 quoad
420 492 665 566 mortificationes,
683 490 844 571 1.quotidie

63 590 284 671 flagellationem
303 592 484 649 incruentam
500 606 548 667 per
561 585 637 645 bora
650 585 842 664 quadrantem

62 688 193 749 circiter:
207 696 234 745 et
250 685 437 761 sanguineam
450 682 515 756 bis,
540 678 586 739 vel
598 680 685 739 semel
700 683 730 738 in
744 702 843 743 mensu

61 780 210 843 adbibere.
230 806 257 841 2.
281 780 370 839 illane
388 775 549 837 catenulam
565 775 684 837 serream
699 774 845 856 usquead

62 874 220 957 prandium
234 897 242 934 :
258 882 320 952 post
332 869 486 953 prandium
500 890 569 931 vero
582 869 709 950 aliquam
722 890 843 951 parvam

60 971 91 1049 in
109 965 238 1027 brachio,
253 964 410 1043 Nunquam
425 972 522 1023 tamen
536 973 667 1024 catenam
681 964 752 1025 circa
766 966 845 1025 cinc-

61 1072 183 1135 turam,
200 1078 294 1139 neque
306 1058 395 1119 cilicia
413 1060 525 1139 equinis
540 1060 666 1119 crinibus
683 1069 813 1121 contexta
830 1104 841 1133 ‚

59 1158 204 1237 quoniam
214 1153 274 1215 baec
282 1152 367 1213 valde
377 1150 506 1213 officiunt
516 1156 642 1212 sanitati.
654 1156 681 1212 3.
692 1153 736 1230 tej
742 1156 843 1213 unium

58 1252 92 1309 in
109 1266 186 1327 pane
201 1256 229 1305 et
242 1265 316 1323 aqua
333 1247 362 1301 in
380 1241 426 1300 die
437 1243 565 1316 sabbati,
579 1253 607 1301 et
623 1243 725 1321 vigiliis
735 1255 844 1325 septem

57 1342 257 1405 festivitatum
270 1338 369 1397 Mariae
380 1380 389 1412 ‚
399 1338 421 1396 si
429 1335 579 1397 commode
589 1357 638 1417 per
646 1338 844 1401 valetudinem

58 1436 185 1517 poterit,
208 1431 252 1491 vel
269 1431 368 1492 saitem
383 1434 469 1493 unico
481 1441 592 1492 tanturn
607 1437 648 1494 uti
664 1435 792 1495 obsonio.
808 1437 844 1499 ln

61 1528 217 1589 refectione
231 1530 393 1606 vespertina
405 1526 547 1585 ordinarie
562 1547 620 1586 non
636 1529 770 1591 excedere
783 1542 845 1593 octo

60 1625 166 1685 uncias
184 1623 263 1695 cibi,
287 1622 343 1679 nisi
368 1618 491 1679 adfuerit
508 1618 604 1698 aliqua
622 1622 842 1685 extraordinaria

62 1717 194 1794 urgentia
214 1737 221 1786 ;
236 1716 379 1775 abstinere
397 1734 412 1773 a
428 1711 568 1773 fructibus
579 1711 680 1773 diebus
692 1721 845 1792 mercurii,

62 1813 201 1887 veneris,
225 1812 304 1869 etin
327 1811 449 1868 novenis
474 1810 603 1888 superius
616 1813 792 1888 enuntiatis,
811 1815 842 1873 in

60 1907 173 1987 quibus
189 1914 278 1984 potest
293 1906 379 1962 etiam
395 1904 536 1963 abstinere
550 1904 586 1964 ab
598 1903 694 1983 aliqua
709 1906 763 1967 alia
778 1928 844 1988 por·

62 2004 145 2061 tion'e
164 2001 219 2060 cibi
239 2000 389 2067 consueti;
412 2006 439 2055 et
460 1999 489 2054 in
507 1996 618 2057 edendo
637 2002 754 2061 miscere
775 2006 845 2064 cibis

63 2094 197 2173 aliquam
212 2091 377 2173 particulam
395 2091 489 2152 herbae
504 2094 674 2169 amarioris,
699 2094 749 2154 sed
769 2116 846 2157 nun·

63 2208 156 2271 quam
180 2190 314 2248 cinerem.
343 2188 429 2248 Extra
444 2207 575 2248 mensam
588 2188 662 2249 nihil
677 2190 844 2271 comedere,

64 2284 206 2365 quoniam
239 2282 341 2341 melius
367 2292 434 2353 est,
462 2286 656 2363 comparative
679 2284 845 2367 loquendo,

65 2376 196 2463 quotidie
210 2376 356 2457 praelatam
373 2378 576 2438 abstinentiam
592 2398 741 2458 exercere,
757 2404 846 2462 quam

65 2476 139 2547 bis,
166 2472 209 2532 vel
237 2482 278 2533 ter
295 2475 325 2530 in
347 2468 527 2531 bebdomada
553 2474 692 2547 jejunare.
718 2474 846 2539 Somnus

66 2590 128 2630 non
143 2566 314 2628 extendatur
328 2566 401 2627 ultra
416 2586 464 2626 sex
478 2565 562 2626 boras
577 2588 585 2625 z
600 2586 712 2649 semper
725 2591 792 2633 vero
807 2574 844 2634 ad

68 2667 199 2746 quinque
213 2664 369 2742 ;quoniam
380 2661 518 2722 excedens
526 2662 652 2725 defectus
660 2671 752 2729 somni
762 2682 846 2732 nocet

66 2761 176 2840 capiti,
202 2768 230 2819 et
257 2755 377 2837 impedit
398 2767 495 2817 caetera
521 2762 652 2820 exercitia
678 2764 846 2841 spiritualia.

68 2858 98 2928 4.
126 2854 247 2911 Servare
261 2851 404 2912 silentium
420 2872 469 2933 per
488 2861 543 2913 tres
563 2853 646 2914 horas
665 2853 744 2916 diei:
766 2857 843 2936 quod

69 2946 190 3024 intelligi
204 2943 291 3004 debet
303 2946 338 3007 de
351 2967 410 3009 non
425 2947 599 3025 proferendis
613 2951 707 3010 verbis
722 2969 781 3011 non
796 2970 849 3011 ne·

11 3062 14 3069 ·
69 3060 208 3105 cessurus.
