1956 3608
240 185 266 263 §.
281 202 326 244 rr.
348 198 433 245 crnca
449 204 563 248 runrcrs
578 202 738 246 ormcrusc.
831 189 875 263 43

98 289 173 350 lata.
195 290 232 349 Et
241 289 358 370 quidem
371 295 401 351 in
413 295 529 353 vivente
539 302 613 354 certe
626 312 727 372 corpus
738 300 765 351 et
776 293 873 352 anima

98 383 190 443 simul
203 389 347 455 existunt
364 396 393 446 et
406 406 494 466 quare
507 407 565 447 non
579 397 622 447 est
635 384 781 447 mortale
794 388 873 465 Quia

100 479 167 573 qui
173 476 315 537 maledicit
338 477 448 537 homini
469 481 578 538 viventi
599 498 656 537 non
674 497 785 557 semper
805 499 875 556 pro-

99 542 173 629 ximi
184 572 288 630 anime
301 569 426 630 intendit
440 569 620 645 maledicere,
635 580 662 630 et
672 570 888 631 coutumeliam·

99 663 205 723 inferre
229 665 396 724 substantie
418 664 486 723 illi
478 684 508 723 ιιι
530 684 584 742 qua
608 663 788 743 specialiter
781 683 874 740 imago

100 755 157 816 Dei
180 757 330 836 splendet,
356 756 405 816 sed
421 756 581 836 praescindit
605 758 643 816 ab
664 759 760 815 anima
782 760 874 836 respi-

101 850 223 926 cienda,
247 861 276 910 et
300 854 340 910 ita
361 868 476 926 gravem
493 870 551 908 non
578 852 729 909 committit
750 848 874 929 culpam.

70 1014 73 1018 ⁴
101 945 162 1022 Qui
183 944 319 1004 creaturis
335 941 573 1003 irrationabilibus
591 940 734 1002 maledicit
753 939 876 1009 (docent

99 1036 180 1097 idern
196 1036 235 1094 D.
251 1035 400 1111 Thomas,
411 1038 479 1097 loco
494 1037 562 1111 ert
579 1048 679 1112 orta,
693 1043 721 1094 et
734 1043 874 1110 omnes),

101 1133 125 1190 si
139 1151 189 1190 eas
209 1133 343 1210 respicit'
336 1151 366 1190 ιιι
388 1117 530 1210 quantum
551 1140 618 1191 sunt
637 1139 772 1190 creatura
798 1129 873 1205 Dei,

101 1222 872 1305 mortaliterpeccat,veramquepatratblasphemiam3
956 1260 970 1285 ·.

77 1329 85 1343 “
101 1339 161 1380 non
175 1339 243 1380 vero
257 1322 315 1396 jam
329 1340 352 1378 sr
345 1318 528 1399 'praescindit
549 1321 586 1378 ab
603 1322 644 1378 eis
659 1317 874 1380 considerandis

102 1424 134 1475 nt
153 1413 235 1494 tales,
257 1423 285 1474 et
305 1423 417 1475 tantum
440 1417 481 1473 eis
496 1412 641 1476 maledicit
664 1413 821 1475 secundum
842 1433 873 1474 se

54 1574 57 1578 ,
101 1507 303 1576 consideratis3
321 1507 480 1589 etquidem
502 1528 600 1568 omnes
621 1510 689 1587 ipsae
710 1518 777 1567 sunt
794 1526 874 1568 crea·

52 1679 56 1683 q
102 1609 171 1664 turre
188 1603 255 1662 Dei.
279 1603 324 1661 En
338 1602 417 1683 qnod
437 1602 474 1660 D.
489 1601 619 1661 Thomas
633 1600 719 1661 etiam
736 1603 875 1680 praecisio«

102 1714 167 1757 nem
178 1690 400 1757 hanc'admittit.
417 1696 459 1754 lta
473 1697 591 1775 pariter,
610 1697 659 1774 qui
672 1698 799 1753 mortuis
812 1714 875 1753 ma·

101 1787 872 1869 ledicit,simaledicitinquantumadanimaseorum,

102 1886 224 1961 graviter
234 1894 348 1965 peccat3
359 1902 420 1949 non
429 1893 525 1943 autem
537 1886 560 1941 si
572 1881 747 1962 praescindit,
758 1892 786 1941 et
796 1903 874 1942 mor-

102 1982 158 2039 tuis
171 1978 336 2052 maledicit,
353 1979 424 2057 quin
441 1976 597 2057 specialiter
607 1979 718 2036 animas
734 1979 872 2056 respiciat.

102 2073 206 2134 Dicere
221 2082 317 2133 autem
332 2071 409 2153 quod
423 2091 524 2133 omnes
538 2073 588 2152 qui
601 2068 775 2130 maledicunt
789 2091 874 2131 mor·-

102 2171 182 2247 tuis,
206 2188 304 2230 omnes
329 2173 387 2245 jam
404 2164 559 2230 intendunt
578 2168 664 2226 etiarn
686 2183 783 2224 eorum
801 2167 870 2224 ani·

104 2265 207 2324 mabus
228 2261 413 2337 maledicere,
432 2280 484 2339 ego
504 2271 535 2328 et
551 2269 591 2320 tot
611 2259 659 2320 alii
677 2258 873 2333 Confessarii,

103 2353 662 2433 Poenitentesinterrogando,oppositum
670 2355 872 2451 comperimus

103 2453 213 2512 Tanto
211 2451 302 2545 magis
313 2447 391 2528 quod
403 2448 565 2509 ordinarie
557 2450 603 2506 rsti
618 2449 667 2525 qui
680 2447 799 2504 mortuis
810 2446 874 2505 ma'-

104 2542 253 2615 ledicunt,
275 2520 335 2605 lton
356 2539 479 2619 jameps
501 2535 602 2598 laedere
622 2533 801 2610 intendunt,
822 2535 873 2596 sed

103 2639 187 2700 viros
201 2582 307 2714 qulbus
316 2633 352 2694 ad
363 2637 452 2694 instar
461 2632 694 2695 contumeliarum
707 2629 872 2708 hujusmodi

105 2725 319 2789 maledictiones
345 2724 481 2804 dirigunt.
511 2725 721 2785 Verumtamen
744 2722 804 2782 haec
830 2732 873 2782 est

106 2824 223 2882 materia
234 2820 321 2895 facti,
336 2822 459 2900 quisque
469 2818 665 2879 Goniessarius
678 2819 710 2876 in
719 2815 790 2890 hoc,
805 2816 873 2874 1²oe-

105 2912 244 2981 nitentem
266 2905 413 2991 diligenter
437 2909 659 2990 interrogaodo,
679 2909 782 2986 poterit
805 2922 871 2966 see

107 3001 195 3067 dubio
204 2992 339 3066 eximere.
856 3023 861 3039 ι
