1956 3608
259 250 403 296 oru.vrrr.
424 250 679 310 muneramus,
693 243 746 294 eto.
830 240 888 303 163

63 399 66 409 ,
159 341 888 423 r19.1V.Summecautusdebetesseconfessarius

112 435 887 517 inexcipiendisConiessionibusmulierum.Etprimo‚

108 533 275 611 regulariter
290 535 321 593 iu
339 531 561 593 confessiouario
575 552 641 592 cum
664 531 830 608 iunioribus
849 535 888 594 sit

110 627 203 703 potius
220 623 330 702 'rigidus
347 642 435 704 quam
451 625 571 695 suavis3
590 642 643 683 nec
660 627 806 702 permittat
821 623 887 687 illas

108 727 175 778 ante
196 717 451 780 consessionarium
475 715 628 791 accedere,
647 725 678 774 ut
692 718 744 775 sibi
759 717 886 797 loquan-

109 820 177 888 tur,
200 821 228 873 et
245 811 338 872 multo
352 812 450 870 minus
462 819 495 870 ut
508 828 613 870 manus
624 808 832 871 deosculentur.
849 814 884 874 ln

106 915 170 966 actu
196 905 383 965 confessionis
402 922 460 963 non
483 901 616 963 ostendat
639 920 688 963 eas
710 921 884 980 agnoscerea

103 998 211 1080 aliquae
228 1000 306 1058 enim
325 1016 389 1078 quac
410 997 547 1076 religiosae
565 997 663 1058 haberi
679 996 804 1073 volunt,
828 998 885 1059 ali·

104 1090 224 1171 quando
258 1090 440 1152 advertentes
469 1110 500 1152 ae
522 1093 600 1152 nosci
628 1106 645 1151 a
675 1091 883 1170 confessario,

102 1204 161 1246 non
180 1185 291 1247 faciunt
303 1189 441 1262 integram
451 1185 669 1246 confessionem.
685 1185 883 1264 Imprudentia
932 1232 951 1267 4

102 1298 221 1358 quoque
234 1286 276 1338 est
290 1280 427 1354 conjicere
442 1276 537 1338 oculos
555 1279 585 1338 in
601 1276 792 1354 Poenitentes‚
816 1300 883 1340 cum

77 1438 79 1444 ,
102 1390 119 1430 e
141 1371 365 1432 confessionario
389 1371 543 1447 recedunt,
567 1390 674 1451 easque
696 1389 747 1450 per
765 1370 883 1450 aliquod

102 1474 216 1547 tempus
231 1469 346 1526 intueri.
364 1467 449 1528 Extra
463 1467 717 1529 confessionariom
731 1486 783 1528 nec
794 1470 881 1530 etiam

102 1560 271 1620 immoretur
284 1558 322 1619 ad
335 1559 555 1638 colloquendum
574 1580 639 1621 curn
654 1562 722 1639 ipsis
740 1564 769 1621 in
788 1562 882 1624 eccle-

101 1653 164 1727 sia,
190 1669 366 1732 omnemque
387 1651 611 1714 familiaritatem
637 1652 756 1713 devitet.
782 1654 882 1717 Absti-

100 1755 168 1806 neat
184 1748 271 1805 etiam
289 1765 306 1805 a
325 1744 495 1825 recipiendis
515 1744 714 1819 munusculis,
735 1756 764 1806 et
784 1749 881 1827 praeci·

101 1859 157 1919 pue
172 1837 210 1899 ad
234 1837 347 1899 illarum
371 1838 470 1900 domos
488 1859 640 1920 nunquam
661 1836 798 1915 accedat,
821 1858 883 1903 uno

101 1939 219 2008 excepto
237 1949 304 1990 casu
325 1931 418 2007 gravis
433 1931 628 2006 infirmitatis,
640 1942 669 1991 et
683 1941 751 1992 tnnc
763 1935 880 1994 nonnisi

100 2033 220 2083 vocatus
235 2020 370 2098 accedat,
385 2031 414 2081 et
427 2031 494 2083 tunc
510 2042 644 2100 magnam
659 2021 795 2084 adhibeat
810 2023 881 2086 dili·

97 2108 224 2192 'gentiam
248 2117 278 2173 ln
302 2113 454 2175 audiendis
476 2115 590 2176 illarum
615 2115 877 2177 Confessionibus:

98 2208 177 2268 unde
190 2207 309 2284 ianuam
326 2220 452 2288 apertam
473 2210 635 2291 relinquat,
662 2210 759 2272 sedeat
771 2212 802 2271 in
818 2211 879 2275 loco

98 2303 148 2361 ubi
165 2299 255 2360 videri
277 2304 365 2378 possit
387 2304 425 2359 ab
443 2303 530 2377 aliis,
560 2305 715 2385 oculosque
730 2307 760 2364 iu
776 2304 877 2367 faciem

103 2396 273 2466 Poenitentis
288 2413 438 2475 nunquam
457 2395 573 2471 defigat.
601 2398 637 2456 Et
654 2399 708 2458 hoc
720 2403 877 2476 prasertim

98 2491 207 2564 currit,
236 2491 259 2548 si
283 2490 341 2550 sint
361 2508 487 2570 personae
504 2488 664 2568 spirituales
682 2509 748 2550 cum
771 2492 878 2570 quibus

98 2596 140 2644 est
158 2582 313 2664 periculum
327 2586 446 2660 majoris
461 2582 643 2644 adhaesionis.
666 2583 786 2645 Dicebat
799 2585 878 2647 ven.

77 2699 82 2710 ·
98 2677 132 2737 P.
145 2677 287 2736 Sertorius
298 2676 447 2755 capulus,
460 2676 627 2753 diabolum,
645 2674 682 2738 ad
697 2680 875 2758 conjungen-

99 2769 150 2830 das
176 2774 249 2828 inter
271 2789 301 2829 se
320 2789 453 2849 personas
475 2771 658 2851 spirituales,
682 2772 720 2830 ab
735 2773 818 2845 initio
831 2776 874 2834 uti
920 2836 922 2843 ,

97 2874 234 2944 praetextu
258 2866 393 2937 virtutis,
417 2875 449 2925 ut
473 2864 577 2926 deinde
595 2862 712 2926 affectus
733 2885 749 2923 a
769 2866 874 2927 virtute

99 2968 222 3018 transeat
244 2957 281 3016 ad
301 2978 448 3036 personam
466 2982 474 3018 a
492 2959 570 3019 unde
585 2952 628 3018 ait'
643 2959 675 3018 S.
696 2958 874 3035 Augustinus

97 3050 174 3132 apud
189 3053 221 3110 S.
238 3050 383 3111 Thomam
401 3053 448 3127 (r)
472 3075 480 3110 ε
504 3055 610 3112 Sermo
626 3053 738 3125 brevis,
752 3067 781 3112 et
795 3054 873 3135 rigi-

131 3161 169 3220 (1)
188 3156 213 3208 ὃ.
228 3155 324 3210 Thom.
338 3157 435 3224 Opuec.
446 3160 499 3225 64,
514 3157 546 3209 de
559 3154 654 3208 Famil.
668 3159 810 3209 nemeto„
