1956 3608
134 225 194 296 254
354 202 458 283 astru
477 234 681 280 consessum.

134 405 463 436 osmsmsmm
467 403 553 432 wem
559 406 782 433 mummwm
794 399 901 430 uwww

275 581 520 647 CAPITULUM
543 582 755 647 ULTIMUM.

152 796 283 837 BREVIS
304 792 433 836 PRXmS
455 792 672 836 Asstsuuttnl
694 792 885 842 turritula·

132 1007 201 1064 ²27·
221 958 296 1046 Nou
315 988 395 1047 adest
412 984 557 1045 charitatis
577 1002 648 1062 opus
667 985 757 1059 magis
778 984 842 1045 Deo
855 1006 904 1047 ac·

130 1091 262 1159 ceptum,
285 1085 432 1160 magisque
454 1078 490 1137 ad
514 1081 676 1136 animarum
697 1076 821 1137 salutem
839 1101 907 1140 eon·

130 1171 236 1232 ducens
254 1214 275 1245 ‚-
288 1193 376 1252 quam
391 1175 421 1230 in
440 1181 567 1230 extremo
581 1170 648 1228 vitae
664 1168 790 1247 periculo
803 1174 905 1249 positos

130 1266 166 1326 ad
189 1278 285 1327 sancte
307 1265 486 1327 moriendum
509 1262 671 1339 adiuvare3
697 1282 765 1322 nam
783 1274 906 1344 tempore

130 1364 228 1419 mortis
240 1366 276 1428 (a
287 1382 345 1439 quo
355 1363 581 1436 uniuscujusque
589 1366 694 1416 aeterna
704 1360 763 1416 vila
773 1358 908 1436 pendet),

131 1455 233 1512 inferni
246 1458 320 1513 vires
332 1455 459 1513 fortiores
474 1462 554 1522 sunt,
564 1451 742 1509 infirmorum
754 1452 908 1514 verodebi·

130 1547 222 1605 liores.
244 1547 346 1621 Deus,
372 1556 404 1606 ut
423 1545 619 1606 manifestaret
633 1555 773 1624 quantum
795 1558 905 1622 gratam

128 1640 232 1700 habeat
242 1645 434 1702 assistentiam
451 1639 630 1700 moribundis
642 1642 794 1718 prestitam
807 1682 816 1714 ,
831 1643 907 1702 mul-

128 1738 209 1794 toties
225 1738 256 1795 S.
276 1736 406 1815 Philippo
420 1735 506 1795 Nerio
522 1732 645 1793 ostendit
665 1733 778 1809 angelos
794 1737 905 1814 religio-

129 1831 166 1887 sis
176 1831 355 1888 infirmorum
368 1831 506 1887 ministris
523 1828 608 1886 verba
621 1827 845 1906 suppeditantes.
910 1855 912 1860 ·

135 1963 144 1972 ,
168 1923 236 1981 228.
258 1922 318 1979 Nec
332 1919 360 1978 id
380 1919 572 1979 Parochorum
591 1929 704 1978 tantum
720 1940 828 1980 munus
845 1932 904 1998 est,

127 2013 163 2074 ad
178 2034 250 2092 quos
264 2017 427 2073 animarum
443 2035 509 2074 cura
526 2033 562 2072 ex
580 2010 674 2072 officio
693 2017 836 2091 pertinet,
856 2017 902 2076 sed

128 2112 258 2167 omnium
275 2112 360 2168 etiam
381 2107 571 2167 sacerdotum.
594 2107 638 2163 De
658 2105 791 2166 Parochis
809 2121 902 2171 tamen

128 2203 236 2260 ritualia
255 2220 389 2261 romanus
405 2203 560 2278 prasertim
575 2197 718 2276 loquens,
742 2204 782 2260 ait
805 2208 902 2281 praci-

128 2314 214 2372 puam
231 2298 274 2351 sui
292 2297 418 2352 muneris
434 2304 542 2373 partem
559 2313 620 2351 esse
632 2299 832 2369 aegrotantium
852 2318 901 2361 cu·

128 2409 189 2449 ram
210 2388 315 2449 habere
340 2411 346 2445 ι
375 2398 548 2468 quapropter
567 2389 630 2446 vult
653 2399 684 2447 ot
705 2393 779 2467 ipsi,
807 2398 900 2453 statim

128 2501 160 2540 ac
182 2480 307 2560 aliquem
332 2500 367 2540 ex
384 2484 442 2540 suis
462 2479 639 2560 parochianis
653 2490 787 2555 aegrotare
801 2486 902 2544 intelli·

127 2582 214 2648 gunt,
236 2593 294 2631 non
309 2584 474 2651 exspectent
489 2583 520 2631 ut
534 2573 668 2631 infirmus
685 2574 843 2636 Parochum
858 2601 901 2639 ac·

126 2672 238 2734 uersat,
264 2661 313 2720 sed
340 2667 399 2740 ipse
423 2663 564 2722 Parochus
591 2663 664 2724 ultro
692 2685 758 2725 eom
782 2671 899 2729 invisere

127 2767 229 2828 curet3
255 2755 340 2835 idque
360 2776 418 2815 non
438 2758 524 2816 semel
546 2767 681 2834 tanturn,
705 2760 754 2818 sed
768 2760 899 2843 frequen-

128 2855 203 2927 tius,
230 2855 252 2911 si
270 2852 416 2911 infirmum
433 2846 633 2931 etiam‘spiritu
649 2864 782 2930 {egrotare
795 2857 900 2919 adver-

128 2947 201 3003 terit.
224 2945 310 3023 Quod
327 2949 349 3005 si
368 2947 490 3023 legitime
505 2949 539 3006 sit
556 2946 710 3027 impeditus
722 2992 746 3022 ,.
758 2948 787 3008 id
801 2952 898 3013 saltem

126 3037 318 3114 prestandum
344 3039 503 3117 providebit
525 3059 573 3119 per
591 3041 678 3099 alium
705 3042 899 3119 sacerdotem,

119 3126 210 3191 modo
229 3127 277 3193 hic
303 3134 340 3193 sil
365 3135 428 3214 pius
451 3144 480 3194 et
505 3131 658 3213 prudens3
684 3133 801 3212 quidam
823 3141 897 3198 enim
