1956 3608
98 203 158 263 260
319 216 423 260 unaxrs
448 213 647 257 conressanrr.

99 307 214 381 Deum,
228 315 257 366 et
271 306 384 365 similia.
402 303 562 378 Cuiusdam
578 304 708 365 Doctoris
722 302 868 364 Bellarmi²

99 421 156 460 nus
170 400 251 459 reiert
266 398 340 478 quod
357 398 420 471 hio,
435 396 506 456 dum
517 401 547 457 in
563 408 651 457 morte
666 418 732 458 cum
743 397 870 458 daemonc

100 494 234 554 disserere
255 493 290 551 de
304 491 431 571 quodam
446 491 513 552 fidei
534 492 651 553 articulo
666 493 808 567 voluerit,
827 491 870 552 de

99 599 196 667 ceptus
210 587 381 659 succubuit,
401 596 429 644 et
442 596 573 645 mortuus
586 596 639 645 est.

137 683 208 758 239·
223 680 254 740 Si
266 683 384 742 tentatio
395 691 491 741 tamen
509 685 595 759 pergit
606 700 727 754 vexare,
741 680 871 741 ostendat

98 771 214 834 infirmo
226 774 302 853 quod
317 786 419 836 nustrae
435 775 502 834 fidei
528 787 540 844 t
555 796 603 856 per
621 795 649 834 se
666 785 770 836 sanetae
784 785 813 835 et
826 778 873 835 in-

101 877 264 940 temerata,
285 889 301 927 a
326 869 496 948 pauperibus
514 869 699 947 piscatoribus
715 888 765 948 per
783 878 871 928 totum

101 963 198 1020 orbem
208 959 335 1035 diffusae,
347 971 388 1021 tot
398 963 558 1037 miraculis,
571 983 604 1022 ac
615 971 656 1022 tot
667 956 791 1021 millium
802 983 872 1022 mar·

101 1066 195 1134 tyrum
209 1058 363 1130 sanguine,
378 1059 427 1135 qui
440 1059 530 1116 vitam
541 1077 623 1116 suam
636 1077 687 1134 pro
701 1059 761 1134 ipsa
774 1059 873 1116 immo-

100 1149 251 1222 laverunt,
276 1149 472 1222 confirmatae)
496 1160 661 1228 argumenta
682 1149 746 1210 luce
759 1151 870 1211 clariora

101 1253 185 1316 sunt,
199 1253 226 1301 et
237 1244 386 1303 manifeste
397 1244 475 1304 iliam
491 1264 589 1305 veram
605 1263 665 1303 esse
681 1244 871 1323 patefaciunt,

100 1337 163 1396 licet
176 1357 219 1394 res
234 1357 306 1415 quas
321 1341 381 1416 ipsa
397 1337 498 1410 docet,
517 1359 594 1399 nunc
613 1358 663 1417 per
682 1338 827 1417 speculum
844 1341 872 1397 iu

100 1434 251 1507 aenigmate
261 1429 411 1490 videamus
426 1452 434 1488 ε
449 1450 518 1489 nam
534 1435 558 1489 si
575 1435 708 1510 mysteria
721 1429 874 1510 dequibus

100 1545 152 1583 nos
167 1527 281 1583 instmit
295 1535 389 1584 essent
401 1524 567 1599 evidentia,
585 1528 635 1585 uhi
654 1536 726 1606 esset
740 1527 873 1586 meritum

100 1613 167 1674 fidei
185 1614 286 1694 iQuae
301 1615 365 1675 ideo
379 1616 450 1676 fides
464 1616 583 1691 dicitur,
602 1621 669 1696 quia
687 1637 729 1676 res
744 1637 809 1696 quae
824 1617 874 1677 do·

100 1719 165 1785 cet,
189 1712 313 1770 obscurae
325 1722 393 1770 sunt
407 1721 435 1770 et
449 1730 508 1770 non
522 1722 700 1791 apparentes.
724 1713 800 1772 Hinc
817 1712 874 1772 dic·

100 1811 162 1862 tum
185 1804 257 1864 fuit:
276 1806 361 1866 Beati
372 1808 426 1884 qui
439 1825 502 1865 non
517 1806 677 1881 viderunt,
695 1820 725 1866 et
738 1806 873 1869 credide·

100 1910 183 1956 runt.
197 1898 282 1958 Joan.
298 1923 359 1974 20,
384 1921 431 1978 29·

140 1991 209 2061 ado.
230 1991 270 2049 ΙΙ.
291 1989 439 2051 Adversus
449 1995 635 2053 tentationem
644 1991 872 2068 desperationis.

100 2079 169 2139 Haec
182 2091 225 2141 est
240 2085 377 2162 praecipua
398 2087 537 2157 tentatio,
561 2103 618 2162 qua
637 2082 766 2141 infernus
786 2079 874 2142 vehe-

101 2177 227 2232 mentius
248 2185 364 2251 aegrotos
380 2178 491 2254 impetit
513 2196 520 2232 :
542 2175 621 2234 uude
641 2175 698 2233 iilis
721 2174 757 2234 de
777 2174 872 2235 divina

101 2267 229 2341 justitia,
251 2267 451 2328 damnatorum
477 2271 568 2349 poenis
591 2270 689 2350 ioqui,
720 2287 874 2349 eorumque

102 2369 211 2439 patrata
226 2361 327 2422 scelera
342 2383 530 2443 exaggerare,
545 2364 673 2426 sacerdos
692 2374 810 2435 caveat3
826 2362 874 2422 sed

102 2457 195 2533 potius
209 2458 298 2536 ipsis,
314 2457 425 2520 fiduciae
437 2462 467 2518 in
482 2459 669 2520 misericordia
682 2459 734 2517 tter
748 2500 758 2533 ,
773 2458 877 2519 Salva·

101 2549 169 2604 toris
184 2553 331 2626 passione,
348 2551 455 2612 divinis
470 2555 638 2631 promissis,
656 2561 684 2611 et
699 2551 755 2611 Dei
774 2552 877 2611 Matris

101 2639 299 2700 intercessione
312 2654 477 2718 argumenta
492 2647 683 2706 insinuentur.

142 2735 212 2805 241.
236 2733 362 2816 Primum
381 2738 466 2814 igitur
478 2747 581 2799 nostrae
596 2741 654 2818 spei
671 2740 813 2797 motivum
835 2747 877 2796 est

103 2824 200 2888 divina
215 2828 424 2905 misericordia,
439 2830 509 2890 dum
523 2831 602 2891 Deus
616 2840 751 2904 vocatur,
765 2839 795 2888 et
810 2849 878 2890 vere

102 2927 145 2976 est
168 2920 251 2981 Pater
269 2923 523 2985 misericordiarum
548 2929 600 2994 (2.
616 2925 684 2984 Cor.
704 2931 783 3002 17.).
812 2921 877 3003 Ipse

103 3017 222 3074 occurrit
233 3021 319 3077 etiam
335 3039 393 3078 non
407 3021 601 3101 quaerentibus
611 3040 659 3080 se:
674 3018 876 3092 Invenerunt,

96 3103 228 3184 W'Mn
249 3113 438 3193 quaesierunt
461 3135 520 3180 mc.
543 3115 619 3182 itui.
644 3113 707 3193 65,
733 3133 757 3171 ι.
781 3109 877 3188 Magis
