1956 3608
92 207 153 269 226
316 225 420 269 eunus
440 222 647 267 consumtum.

141 320 205 382 180.
229 320 313 380 Vlll.
333 317 459 398 Quando
483 319 551 398 quis
577 317 734 378 confitetur
757 313 858 396 aliquod

96 434 182 493 grave
205 425 371 496 peecatum,
395 424 424 475 et
447 415 603 494 praesertim
626 416 651 472 si
674 412 782 493 pluries
802 408 859 472 illud

95 510 290 581 commiserit,
315 504 496 569 nonsuffioit
508 508 657 587 exquirere
673 502 861 567 tantummodo

97 603 219 679 speciem
252 609 281 660 et
315 620 495 670 numerum
519 597 569 658 sed
595 599 753 677 interroget
779 607 861 659 utmn

97 700 181 753 antea
209 695 241 753 in
262 692 334 753 illud
354 692 455 755 cadere
476 689 690 754 consueverit?
717 700 747 751 et
761 693 862 770 insuper

98 807 165 848 cum
181 808 310 869 quanam
326 807 443 869 persona
461 785 644 866 peccaverit?
670 795 701 845 et
719 805 779 866 quo
791 780 860 846 loco?

100 892 132 942 ut
152 882 290 961 intelligat
305 893 401 943 utrum
417 884 455 941 sit
468 879 602 953 habitus,
624 890 677 940 aut
689 882 863 958 occasioque

100 980 136 1037 sit
150 976 315 1051 auferenda.
339 979 373 1036 ln
391 976 445 1037 hoc
459 975 553 1056 plures
569 985 666 1035 errant
684 975 865 1047 confessarii,

100 1081 128 1130 et
146 1069 215 1129 inde
236 1079 277 1130 tot
300 1080 501 1150 tantarumque
524 1062 692 1130 animarum
714 1072 799 1131 ruina
812 1087 864 1150 pro-

101 1164 175 1227 cedit
192 1188 200 1224 ι
218 1164 380 1227 omittendo.
397 1167 475 1226 enim
494 1160 866 1244 Conlessariushuiusmodi

101 1264 355 1339 interrogationes,
375 1264 475 1342 nequit
490 1259 653 1338 dignoscere
669 1271 768 1323 utrum
780 1257 867 1319 rou.-

103 1366 166 1417 tens
178 1358 215 1414 sit
229 1355 388 1427 recidivus,
400 1365 428 1416 et
441 1364 649 1436 consequenter
659 1353 814 1436 nequitilli
823 1363 868 1414 trr-

103 1449 170 1511 dere
184 1449 278 1510 media
298 1460 458 1531 opportuna
473 1450 511 1511 ad
529 1449 715 1513 evellendum
728 1450 868 1519 habitum,
910 1482 912 1511 ι

100 1553 130 1605 ct
151 1545 339 1605 occasionem.
362 1545 540 1607 Observetur
562 1543 641 1625 quod
658 1544 771 1606 dictum
792 1553 831 1605 est
845 1543 869 1600 in

105 1637 178 1719 Cap.
193 1637 239 1699 lV
254 1650 283 1700 et
296 1640 346 1716 V,
366 1642 397 1700 in
419 1642 527 1721 quibus
545 1638 674 1700 vidimus
692 1639 870 1701 Poeniteuten
910 1708 912 1715 Ι

106 1732 264 1794 recidivum
279 1736 397 1794 omnino
414 1733 525 1794 absolvi
544 1752 605 1794 non
621 1726 727 1813 posse,
750 1736 812 1793 nisi·
823 1736 873 1812 posi
910 1802 912 1807 ,

106 1831 311 1908 experientiam
332 1827 561 1902 emendationis,
580 1827 708 1908 velpost
724 1827 873 1889 exhibitum

107 1919 363 1980 extraordinarium
378 1921 496 2000 aliquod
515 1923 630 2000 signum
648 1942 709 1983 suae
722 1920 875 2003 dispositio-

108 2015 164 2075 nis.
198 2015 234 2074 Et
258 2014 376 2096 quando
400 2019 492 2094 agitur
510 2015 547 2076 de
564 2018 713 2077 occasione
734 2018 876 2097 proxuma,

106 2109 214 2171 sortiter
229 2130 259 2169 se
273 2119 375 2188 gerat,
386 2112 448 2170 sine
462 2109 520 2170 ullo
536 2129 724 2190 personarum
739 2106 878 2190 respectu,

108 2208 138 2264 in
162 2202 318 2262 differenda
343 2203 542 2278 absolutione,
565 2225 717 2286 quousque
742 2204 877 2265 Peninus

108 2298 284 2356 occasionem
299 2305 469 2372 removeat,
494 2296 612 2377 quando
629 2307 700 2361 ectu.
714 2299 831 2372 existit,
851 2301 879 2354 ut

111 2389 317 2500 explicavimus
334 2414 421 2452 num.
441 2393 493 2454 61.
519 2394 556 2454 Et
569 2395 594 2453 si
607 2395 879 2455 occasio-estnec&-

111 2487 201 2560 saria,
212 2484 313 2545 saitem
325 2505 501 2565 quousquee
513 2487 641 2565 proxima
649 2485 878 2554 evadatremotu

111 2578 275 2639 adhibendo
289 2578 382 2639 media
396 2581 450 2638 sihi
463 2581 615 2656 assignata.

156 2676 220 2734 181.
231 2671 448 2751 Specialimodo
459 2620 877 2759 sitinflcxibilr‘aindetreganda

110 2767 287 2831 absolutione
315 2770 425 2846 sponsis
451 2770 502 2847 qui
529 2789 627 2831 secum
654 2783 878 2842 conversantem

111 2871 183 2929 sicut
207 2873 235 2925 et
260 2865 432 2951 genitoribus
455 2867 506 2943 qui
529 2863 559 2923 id
584 2868 774 2945 permittunt,
794 2885 880 2950 neque

112 2961 207 3022 credat
222 2957 278 3018 illis
293 2959 482 3019 asserentibus
500 2957 613 3019 nullum
633 2961 729 3023 inesse
751 2963 877 3027 malum:

109 3054 164 3114 huc
190 3056 268 3115 enim
294 3064 336 3114 eat
359 3055 501 3116 moraliter
526 3055 722 3134 impossihile,
751 3069 786 3119 ut
806 3058 879 3121 docet

107 3150 293 3233 experienda.
