1956 3608
235 197 262 271 §.
275 184 309 258 v}
328 214 496 257 uuruouus
511 216 614 272 vrum,
630 208 685 262 etc.
788 206 845 269 215

67 317 138 369 aunt
152 304 308 367 sacerdotes
325 307 376 385 qui
399 314 462 385 post
471 302 575 369 Missae
593 309 766 369 sacrificium
782 331 848 371 cum

68 402 141 463 Jesu
156 400 269 461 Christo
283 402 315 461 in
330 402 485 478 gratiarum
501 405 612 463 actione
628 404 785 464 subsistant
798 425 806 476 ;
821 413 850 465 et

68 497 135 558 ideo
151 495 238 577 pudet
253 516 301 556 eos
314 495 379 556 aliis
396 498 543 555 insinuare
561 497 638 576 quod
654 500 706 578 ipsi
726 519 785 559 non
800 500 848 561 fa·

67 594 159 654 ciunt.
187 591 354 655 Gratiarum
377 593 451 651 actio
469 588 611 650 ordinarie
639 612 688 671 per
707 596 849 672 integram

66 683 169 745 horam
181 681 284 744 durare
296 682 412 743 deberet
424 705 432 742 ε
448 683 500 744 liat
510 683 612 744 saltem
622 702 672 763 per
679 683 847 762 dimidiam,

68 780 100 838 in
110 799 166 858 qua
179 782 275 839 anima
291 780 322 837 in
333 776 460 838 amando
472 820 483 850 ,
496 787 525 837 et
536 775 659 857 petendo
669 796 700 836 se
709 791 848 839 exerceat.

66 871 167 952 lnquit
186 872 219 930 S.
237 871 398 944 Thermia,
427 869 506 950 quod
529 880 592 950 post
616 873 849 932 communionem

68 964 152 1027 lesus
165 967 261 1025 existit
276 967 305 1023 in
320 966 416 1024 anima
437 973 575 1044 tanquam
593 967 623 1023 irr
636 963 741 1024 throno
757 967 851 1024 mise·

67 1059 214 1134 ricerdis,
231 1069 264 1120 ut
276 1058 317 1119 illi
329 1062 433 1137 gratias
446 1059 620 1137 elargiatur,
639 1058 753 1120 dicens:
768 1060 850 1141 Quid

66 1155 108 1216 vis
122 1168 157 1214 ut
171 1154 378 1231 ffisuciom?
394 1154 429 1212 Et
443 1155 522 1213 alibi.
534 1154 603 1214 Post
614 1155 848 1213 communionem

64 1268 126 1311 non
150 1250 319 1308 amittamus
345 1256 404 1304 tarn
423 1246 586 1322 praeclaram
605 1247 849 1324 opportunitatem

10 1336 13 1341 ’
61 1337 247 1420 negotiandi.
271 1338 338 1398 Non
354 1336 423 1396 solet
437 1357 489 1402 sua
504 1336 602 1398 divina
618 1339 755 1414 Maiestas
774 1338 849 1400 male

62 1431 223 1515 rependere
236 1431 391 1512 hospitium
406 1474 415 1504 ‚
431 1435 455 1491 si
472 1433 544 1491 bene
562 1434 592 1491 irr
609 1435 706 1494 anima
722 1435 849 1513 excipia-

64 1538 125 1590 tur.
149 1527 279 1587 lnsinuet
296 1529 382 1585 etiarn
399 1537 431 1584 ut
446 1530 551 1604 sapius
570 1526 752 1604 spiritualiter
768 1546 850 1588 corn-

62 1623 216 1684 ruunicet:
234 1638 300 1698 quae
322 1638 367 1677 res
389 1616 473 1677 valde
494 1639 511 1677 a
531 1617 704 1678 Tridentino
727 1620 848 1681 concilio

58 1711 298 1789 commendatur.
322 1710 528 1786 Spirituuliter
542 1709 771 1770 communicare
784 1711 850 1778 (irr-

64 1810 132 1889 quit
155 1807 187 1867 S.
214 1805 374 1876 Theresia)
398 1815 443 1864 cst
470 1801 560 1862 valde
584 1802 666 1863 utile.
691 1801 796 1862 Nolite
815 1802 848 1862 id

59 1903 322 1981 praetermittam
343 1899 393 1957 lric
408 1898 489 1976 enim
507 1896 685 1974 experietur
694 1896 848 1965 Dominus

66 2008 221 2076 quantum
235 2015 306 2054 cum
323 2005 445 2052 umetis.

62 2186 96 2258 8.
111 2183 153 2243 V.
177 2181 345 2243 Methodus-
360 2182 429 2241 sitoe
440 2200 499 2258 pro
514 2178 620 2257 aliqua
633 2176 766 2251 Moniah·
776 2196 849 2257 Μ

127 2289 308 2354 exposceret
321 2275 412 2354 dirigi
424 2296 483 2351 W
495 2274 575 2334 „iam
586 2273 791 2353 perfidi-onis·

90 2450 99 2467 ¹
117 2449 182 2511 156.
203 2448 291 2507 Arrun
302 2447 398 2506 omnia
411 2444 579 2524 premittens
589 2452 718 2521 oportet,
735 2462 767 2519 ea
784 2462 850 2521 qua

20 2564 38 2585 ¹«
67 2543 191 2605 inferius
204 2560 364 2621 exponam,
379 2534 561 2623 intelligenda
575 2555 653 2608 esse,
669 2539 850 2616 quotiesuon
927 2570 933 2575 -

70 2641 167 2701 obstat
182 2637 334 2696 Poerritenti
352 2628 469 2714 aliquod
483 2631 724 2713 impedimentum
740 2634 850 2697 sanita·

70 2734 130 2804 tis‚
155 2728 265 2801 officii,
287 2737 337 2787 aut
354 2725 522 2787 obedientiae
539 2748 546 2784 :
563 2725 742 2807 quodetiam
760 2724 850 2785 intel-

69 2822 219 2902 ligendum
236 2832 280 2882 est
300 2841 366 2882 cum
384 2821 497 2882 licentia
516 2820 608 2881 Patris
623 2819 797 2898 spiritualis,
820 2826 849 2874 et

66 2922 160 2997 ‘etiam
176 2916 302 2994 presulis
316 2918 500 2991 monasterii,
528 2936 577 2993 pro
598 2934 632 2972 eo
650 2911 729 2992 quod
742 2917 849 2988 spectat

72 3009 306 3073 mortificationes
317 3019 448 3070 externas
466 3026 530 3084 qua
545 3005 666 3066 aliorum
679 3002 766 3063 oculis
781 3012 849 3090 suut

74 3107 221 3186 expositae.
