1956 3608
103 263 158 305 aro
318 254 423 300 enixis
441 250 645 298 conrassrnn.

97 360 172 412 certe
185 345 318 426 intelligit
332 348 409 428 toqui
426 346 462 407 de
479 348 514 406 iis
530 349 580 427 qoi
597 341 728 406 noudum
747 360 870 423 prauum

51 498 54 505 .
98 445 229 506 habitum
253 446 439 523 extirpavere.
476 442 573 523 Aliqui
594 449 722 502 auctores
746 441 797 519 qoi
823 458 873 519 per

98 537 187 598 solam
208 539 304 615 rigoris
322 539 398 596 viam
410 535 546 597 videntur
563 534 637 595 velte
651 536 764 594 animas
779 532 874 593 salvas

97 631 210 705 facere,
227 630 327 692 dicunt
343 629 480 691 recidivus
494 632 605 711 pejores
620 627 706 700 fieri,
725 646 792 688 cum
807 635 875 688 ante
899 678 903 684 .

98 723 329 809 emendationem
342 724 540 784 absolvuntur.
551 721 610 784 Sed
618 725 679 802 ipse
688 723 759 782 scire
769 719 874 781 veliem

100 821 138 880 ab
152 807 198 881 his
212 822 351 897 magistris
365 821 457 893 meis,
480 837 518 879 an
533 835 633 878 ornnes
650 814 788 890 recidivi,
808 835 875 879 curn

100 912 163 970 sine
190 911 367 972 absolutione
387 909 597 983 dimittuntur,
629 915 756 969 carentes
786 909 876 984 gratia

98 1000 275 1062 Sacramenti
287 1044 298 1076 ‚
318 1020 418 1060 omnes
429 999 555 1061 evadant
567 999 695 1077 fortiores
707 1040 718 1073 ‚
733 1007 764 1059 et
775 1016 877 1058 omnes

99 1089 288 1151 emendentur
302 1090 316 1149 i'
330 1093 411 1169 Quot
421 1109 473 1168 ego
485 1093 603 1150 miseros
616 1093 685 1150 novi
700 1092 731 1149 in
743 1089 878 1150 exercitio

11 1254 14 1259 .
74 1233 78 1237 .
100 1170 291 1256 missionum,
306 1184 375 1262 qui,
388 1181 500 1242 dimissi
513 1184 575 1241 sine
587 1180 785 1255 absolutione,
799 1181 878 1241 vitiis

98 1286 127 1338 et
150 1274 339 1356 desperationi
366 1295 397 1335 se
420 1276 610 1351 abjecerunt,
634 1282 662 1334 et
676 1293 726 1354 per
740 1273 878 1354 plurimos

100 1389 192 1431 annos
200 1372 358 1430 omisemnt
366 1369 509 1429 confiteri!
523 1369 666 1430 Ceterum
677 1377 789 1449 repeto:
800 1369 879 1448 quia·

100 1481 158 1542 qne
177 1482 209 1522 se
225 1459 344 1539 dirigere
361 1461 445 1521 debet
465 1465 545 1538 juxta
570 1460 667 1521 lumen
682 1481 741 1541 quo
755 1459 881 1522 doraatur

61 1558 67 1562 ’
100 1577 117 1616 a
138 1556 211 1616 Deo.
238 1555 300 1616 Hoc
319 1566 427 1618 certum
449 1565 513 1632 est,
533 1553 612 1636 quod
634 1557 665 1615 in
686 1555 739 1615 hac
758 1557 878 1616 materia

101 1661 160 1713 tam
178 1662 276 1712 errant
295 1655 315 1711 ii
335 1656 385 1732 qni
402 1652 468 1733 plus
481 1655 557 1729 justo
574 1661 642 1712 sunt
655 1651 878 1732 faciles‚-qoam

100 1746 120 1803 ii
134 1746 184 1823 qui
199 1754 267 1804 sunt
283 1742 412 1804 difficiles
423 1744 460 1804 ad
476 1742 696 1805 absolvendum.
713 1744 800 1804 Multi
814 1749 880 1826 qui·

101 1835 168 1897 dem
184 1847 296 1916 propter
309 1839 430 1897 nimiam
445 1837 610 1898 facilitatem
623 1848 691 1898 sunt
701 1857 786 1899 causa
799 1839 878 1919 quod

102 1935 144 1987 tot
157 1929 261 1989 animat
274 1926 430 2008 perdantur
448 1933 460 1998 (
474 1939 502 1990 et
514 1931 611 2007 negari
622 1949 680 1989 non
695 1939 786 2008 potest
800 1929 879 2010 quod

101 2021 149 2080 isti
171 2023 201 2080 in
223 2024 326 2098 majori
346 2024 403 2082 sint
421 2042 559 2100 numero,
583 2032 611 2082 et
627 2024 721 2098 majus
736 2020 878 2084 damnum

102 2112 242 2190 afferant,
265 2114 335 2175 dum
350 2118 411 2174 istis
432 2119 462 2174 in
485 2118 587 2192 majori
604 2136 725 2176 numero
737 2117 879 2179 accedunt

103 2219 261 2288 peccatores
275 2208 415 2269 habituati
426 2217 458 2283 ),
478 2208 528 2268 sed
544 2208 593 2269 alii
609 2210 645 2268 ob
661 2212 785 2270 nimium
801 2214 880 2290 rigo·

103 2322 162 2361 rem
177 2303 263 2361 etiam
278 2322 383 2380 magno
394 2312 463 2363 sunt
475 2301 583 2363 damno
599 2306 761 2365 animamm
782 2305 878 2367 saluti.

104 2396 141 2457 Et
167 2393 262 2456 nescio
284 2415 322 2456 an
347 2395 545 2458 Confessarius
565 2396 667 2457 debeat
688 2408 800 2459 tantum
821 2401 878 2460 sibi

103 2488 881 2572 scrupuluminjicere‚quandoabsolvitindispositos‚

103 2589 133 2638 et
144 2600 203 2640 non
226 2584 313 2641 etiam
327 2582 444 2661 quando
461 2582 610 2661 dispositos
624 2585 685 2643 sine
700 2584 879 2647 absolutione

104 2669 231 2733 dimittit.
252 2671 403 2733 Concludo
414 2672 478 2746 hic,
493 2682 522 2732 et
535 2671 617 2733 dico:
635 2675 701 2735 Non
715 2695 788 2753 nego
798 2678 879 2756 quod

104 2762 259 2843 aliquando
273 2765 344 2825 bene
358 2763 489 2845 prodesse
505 2775 595 2847 potest
606 2767 728 2829 recidivo
740 2768 880 2851 disposito

104 2856 201 2919 dilatio
217 2857 413 2919 absolutionis.
435 2859 506 2920 Dico
520 2859 664 2921 secundo:
680 2861 800 2942 Semper
814 2885 878 2944 pro-

104 2948 177 3011 derit
190 2950 267 3031 quod
279 2952 476 3013 Cont'essarius
485 2952 650 3031 hujusmodi
667 2954 807 3017 recidivus
821 2968 878 3019 ter·

105 3054 184 3115 reat;
199 3045 386 3128 ostendatque
396 3070 428 3110 ac
442 3051 465 3108 'si
477 3067 536 3108 non
553 3059 644 3128 posset
656 3069 703 3110 eos
717 3052 876 3115 absolveie.

60 3223 63 3227 Ι
99 3137 177 3199 Dico
198 3141 304 3201 tertio:
328 3142 481 3205 Ordinarie
499 3142 663 3224 loquendo,
687 3143 820 3212 recidivis
840 3164 875 3209 ex
