1956 3608
288 105 315 180 §.
327 123 373 171 ιιι.
391 114 722 164 nar-sroaumemoue.
840 124 894 185 rqp

122 217 154 277 in
171 216 270 296 primis
281 213 337 274 illis
344 213 501 273 fervoribus
510 210 656 273 relleutse
666 208 825 273 inteficere
835 209 899 270 dis·

120 309 253 390 cipliuis,
273 308 388 381 ciliciis,
409 308 543 384 jejuniis,
563 315 592 365 et
604 306 747 367 similibus
759 306 900 365 exercitiis

121 401 276 463 afflictivis.
292 403 403 462 Interea
419 409 528 479 oportet
541 408 575 458 ut
589 399 718 461 Director
731 402 770 460 sit
787 401 899 479 parcis·

120 500 211 557 simus
224 500 255 557 in
268 493 439 574 hujusmodi
457 493 723 554 munificationibus
733 493 899 557 conceden-

111 580 183 650 dis:
195 611 266 651 narn
277 591 358 666 alias,
370 589 588 669 superveniente
598 585 665 646 inde
675 597 801 665 tempore
811 589 897 649 aridi-

119 686 185 744 tatis
202 727 213 759 ,
239 693 272 745 ut
286 683 430 745 ordinarie
442 679 514 740 solet
530 678 674 754 accidere,
698 678 780 740 facile
797 682 896 741 anima

118 775 255 838 destituta
274 796 327 835 suo
345 776 466 855 pristino
486 772 597 834 fervore
616 772 763 846 sensibili,
785 775 898 835 omittet

45 860 47 885 ²
116 890 219 931 omnes
242 886 309 929 suas
330 867 563 928 mortificationes
584 886 594 937 r
616 876 646 927 et
669 868 808 946 incipiens
827 864 897 927 iude

115 959 271 1036 diffidere,
292 959 433 1039 relinquet
449 961 537 1020 etiarn
558 961 739 1032 orationem,
760 968 789 1020 et
802 960 894 1020 vitam

114 1054 208 1132 ipsam
222 1051 420 1131 spiritualem,
433 1061 533 1130 utpote
545 1070 591 1110 res
604 1053 702 1109 miuus
714 1051 768 1107 sibi
779 1070 895 1109 accom-

114 1142 268 1215 modatas,
290 1153 319 1201 et
340 1149 547 1223 consequenter
564 1141 677 1199 amittet
693 1140 802 1199 omnia.
827 1138 896 1199 Ali-

112 1233 234 1317 quando
244 1237 330 1295 etiam
342 1232 461 1310 accidit,
479 1243 512 1294 ut
526 1231 571 1294 bae
584 1235 690 1294 animae
704 1234 892 1313 incipientes,

112 1332 224 1391 ratione
234 1316 318 1407 primi
330 1327 408 1388 illius
420 1327 558 1405 fervoris,
573 1327 643 1388 deut
653 1330 684 1387 in
696 1347 740 1388 res
751 1326 894 1388 immode-

112 1432 206 1496 ratas,
228 1431 257 1481 et
269 1420 399 1482 incidant
412 1423 443 1480 iu
458 1424 573 1481 morbos
586 1421 764 1500 corporales,
779 1432 808 1483 et
823 1431 892 1484 tuuc

111 1525 144 1576 ut
154 1516 338 1590 reficiantur,
355 1516 494 1575 omittunt
505 1514 602 1575 omnia
616 1517 748 1574 exercitia
759 1517 892 1592 spiritua·

109 1609 147 1671 lia
158 1629 218 1671 nou
230 1612 292 1669 sine
299 1611 407 1689 ingenti
424 1608 549 1688 periculo
559 1607 726 1688 ampliusne
736 1626 797 1668 non
808 1626 892 1668 resu-

108 1699 220 1763 mendi.
240 1699 311 1760 ldeo
328 1701 459 1760 Director
472 1719 571 1763 curare
586 1699 672 1759 debet
686 1710 720 1758 ut
734 1702 811 1779 prius
821 1703 891 1781 ipae

108 1798 219 1877 iuvita
243 1795 382 1876 spirituali
406 1793 583 1871 solidentur,
610 1806 638 1856 et
652 1804 769 1876 postea,
792 1801 890 1858 consi·

107 1886 214 1950 deratis
241 1889 462 1973 circumstantiis
487 1889 640 1961 sanitatis,
669 1890 888 1968 occupationum

107 1993 197 2063 atque
211 1978 348 2057 fervoris,
371 1980 508 2044 concedat
525 1981 580 2041 illis
593 2001 642 2042 eas
656 1981 889 2045 mortificationes

107 2086 261 2150 externas,
274 2096 347 2156 quas
362 2079 431 2157 ipsis
448 2079 538 2153 magis
553 2075 887 2153 judicaveritconuenire

106 2166 267 2234 'secundum
282 2169 466 2231 christianam
480 2170 673 2249 prudentiam.
690 2172 765 2234 Dico
776 2193 886 2236 securr-

103 2266 180 2335 dum
195 2264 398 2327 οΙινίεείαιιιιιιι
410 2264 633 2342 prudentiam,
655 2269 794 2343 quoniam
807 2267 884 2328 dan-

103 2369 152 2425 tur
163 2358 252 2439 aliqui
268 2358 429 2419 Directores
444 2354 516 2416 adeo
530 2355 746 2438 imprudentes,
761 2363 884 2439 quium·

102 2472 172 2515 nem
195 2454 301 2513 animae
324 2471 502 2532 progressum
527 2451 662 2514 collocare
687 2451 823 2516 videntur
850 2460 880 2519 in

102 2543 250 2605 onerando
261 2563 326 2604 earn
341 2541 480 2622 jejuniis,
499 2543 617 2620 ciliciis,
634 2544 790 2628 disciplinis
809 2569 881 2612 san-

101 2638 232 2715 guineis,
245 2634 462 2712 adustionibus,
478 2636 563 2697 ethis
575 2638 725 2700 similibus.
741 2640 799 2699 Alii
810 2660 879 2702 vero

100 2744 204 2787 omnes
216 2730 335 2787 omnino
353 2727 585 2790 mortificationes
600 2739 732 2790 externas
742 2728 880 2791 videntur

98 2823 251 2902 reprobare
263 2831 400 2904 tanquam
416 2825 533 2884 inutiles
547 2824 687 2902 spirituali
698 2827 877 2904 progressui,

98 2926 189 2979 totam
202 2916 401 2997 perlectionem
411 2920 442 2977 iu
451 2917 580 2977 interiori
591 2915 808 2978 mortificatione
817 2919 877 2981 cul-

96 3008 230 3072 lncando.
246 3007 304 3071 Sed
314 3009 344 3070 hi
354 3013 442 3072 etiam
453 3019 548 3073 errant
563 3018 595 3070 ut
611 3009 718 3091 primi,
733 3013 879 3093 quoniam

698 3109 722 3169 b
740 3109 764 3170 b
