1956 3614
220 193 248 264 §.
264 212 297 252 ιι.
319 207 457 251 ιιιιιιιιιιι
471 204 626 250 nnsnnsus
642 203 775 249 runata.
818 189 875 270 267

103 313 191 365 turn:
216 302 338 383 Diligite
360 299 500 361 inimicus
521 313 645 361 vestros.
665 298 830 384 aslDicatur
852 301 877 359 ei

102 394 183 478 quod
210 397 260 475 qui
289 411 348 454 nun
371 391 512 471 dimittit,
544 410 598 455 nec
622 392 739 455 veniam
766 411 880 474 sperare

96 499 193 572 potest
213 510 230 550 a
256 489 341 563 Deo,
361 489 411 568 qui
425 484 519 562 utcu,
533 486 616 563 foris
637 507 740 550 curres.
760 485 877 568 ApocaI.

96 604 156 658 22,
177 583 222 646 15.
238 582 335 645 Canes
350 579 522 651 (vindicum
536 578 701 659 symbulum
711 588 723 653 >
735 579 880 662 repeliun-

98 688 171 740 tura
182 677 263 739 coelo.
279 677 468 750 Econverso,
483 675 563 735 Deus
575 675 691 735 veniam
702 685 880 756 certumpru·

96 775 190 835 mittit
199 771 240 832 itti
254 774 409 854 peccatori,
422 772 473 852 qui
482 756 598 831 veniium
607 766 800 831 datoffensuri
810 788 882 847 suo,

94 888 136 930 ex
148 867 214 929 uto:
230 868 399 943 Dimittitc,
419 878 448 928 ct
466 864 671 926 dimittemini·
685 862 758 927 huc.
775 864 834 942 37,
849 864 880 926 3.

97 960 214 1027 Subdat
231 960 350 1041 quodsi
372 963 506 1022 inimicus
524 959 633 1038 injuste
648 958 748 1020 iaeserit
765 963 881 1040 ipsum,

95 1063 210 1137 quanto
229 1055 367 1132 injustius
386 1055 447 1134 ipse
467 1053 588 1115 Deum!
611 1053 831 1131 Quamobrem,
856 1051 882 1112 si

97 1153 162 1231 ipse
176 1151 246 1229 petit
261 1169 278 1210 a
296 1149 360 1209 Deo
374 1158 406 1208 ut
421 1149 476 1208 sibi
493 1149 640 1224 ignoscat,
665 1149 881 1225 quantomagis

97 1246 231 1326 proximu
253 1245 313 1322 ipse
335 1245 478 1319 ignoscere
497 1238 603 1303 debet!
619 1241 706 1300 Sicut
728 1240 882 1303 Dominus
941 1292 944 1299 .

94 1337 227 1401 donavit
242 1334 347 1410 vobis,
370 1335 413 1396 ita
427 1348 457 1397 et
469 1353 534 1397 vus.
559 1332 623 1396 cot.
637 1337 678 1410 3,
696 1333 741 1396 13.
768 1333 881 1397 Ultimo
954 1406 958 1414 ¹

96 1427 235 1493 ostendat
248 1427 359 1504 eidem,
374 1446 463 1509 quant
474 1436 583 1507 gratam
602 1448 663 1489 rem
675 1427 737 1488 Deo
747 1427 881 1506 exhibet,

96 1529 151 1607 qui
176 1525 296 1602 injurias
319 1523 449 1582 dimittit.
479 1523 511 1582 S.
532 1522 660 1583 Joannes
678 1523 881 1604 Gualbertus,

99 1627 256 1700 postquam
278 1612 430 1675 fratricida
452 1616 596 1694 pepercit,
617 1613 764 1675 ecclesiam
786 1619 881 1693 inpre-

98 1712 208 1783 utens,
239 1713 453 1788 imaginemque
472 1707 609 1768 Crucifixi
630 1707 778 1786 salutans,
807 1705 897 1773 vidit¹

100 1804 311 1885 aculempturenr
337 1822 402 1881 erga
427 1822 459 1863 se
482 1811 568 1883 caput
592 1801 766 1880 inclinasse,
795 1824 829 1866 ac
856 1803 881 1865 si

100 1909 217 1984 propter
231 1901 346 1959 veniam
362 1895 460 1959 datarn
474 1899 527 1977 ipsi
541 1898 644 1974 gratias
660 1907 763 1976 ageret.
782 1898 815 1960 S.
829 1897 882 1961 Ja-

100 1995 192 2057 cubus
214 2002 281 2053 ante
297 2000 419 2052 mortem
437 1988 620 2071 amplexatus
639 2000 682 2052 est
699 2011 766 2052 eum
784 1995 881 2073 quise

86 2083 258 2152 'accusavit
285 2085 317 2148 S.
330 2084 496 2166 Stephanus
509 2087 604 2148 oravit
621 2105 671 2166 pru
687 2087 793 2167 eisqui
812 2100 882 2153 eum

100 2181 281 2264 lapidabant.
291 2178 324 2241 S.
332 2178 467 2262 Aloysius
475 2178 577 2240 Gattiae
587 2199 636 2241 rex
644 2179 721 2261 apud
729 2200 760 2242 se
768 2193 882 2260 poenare

100 2277 169 2341 iecit
188 2278 238 2356 qui
252 2277 306 2336 sihi
322 2285 443 2336 mortem
460 2274 553 2335 fuerat
566 2275 691 2337 molitus.
709 2276 741 2340 S.
756 2278 882 2351 Ambru-

102 2374 164 2437 sius
188 2390 237 2452 per
253 2369 377 2431 multum
400 2378 513 2448 tempus
536 2367 651 2448 cuidam
674 2389 727 2430 suo
748 2371 883 2451 prodituri

102 2467 243 2532 alimenta
265 2466 505 2527 subministravit.
535 2464 573 2524 Et
596 2467 735 2545 praecipue
755 2469 882 2547 primum

101 2562 272 2643 exemplum
285 2559 322 2621 de
335 2561 389 2623 huc
402 2560 532 2641 praestitit
542 2558 687 2621 Dominus
695 2571 790 2624 noster
799 2562 887 2626 Jesus-

104 2656 261 2732 Christus,
277 2658 328 2736 qui
345 2658 375 2716 in
389 2674 469 2716 cruoe
484 2656 613 2735 positus,
633 2675 683 2736 pru
699 2660 886 2737 persecutori·

104 2752 162 2813 bns
180 2760 210 2812 et
229 2747 468 2814 maledicentibus
487 2751 544 2812 sibi
565 2748 660 2816 aalide
680 2750 796 2818 Patrem
812 2772 885 2823 enus·

104 2847 195 2911 ravit.
