1956 3608
130 214 170 254 20
272 149 276 180 ¹
352 204 457 248 ennius
478 200 687 245 communit.

130 309 163 360 ut
175 303 358 378 imponantur
371 315 455 376 opera
470 313 585 356 carnem
597 293 756 354 coercentia
771 310 822 372 pro
837 311 912 372 pee-

129 395 199 453 catis
214 389 412 463 sensualibus,
431 388 619 467 eleemosynae
633 405 683 467 pro
699 387 819 466 peocutis
831 405 911 446 ava·

129 487 217 560 ritiae,
230 487 319 544 oratio
337 504 387 564 pro
401 481 606 562 blasphemiis,
619 490 674 540 etc.
696 478 755 539 Sed
768 477 911 540 conside-
954 524 957 530 .

129 577 251 638 randum
268 577 337 657 quid
354 578 443 655 magis
457 574 610 654 expediat,
627 583 678 633 aut
688 575 778 649 magis
788 571 858 632 utile
869 573 911 633 sit

32 738 33 741 Ἴ
127 669 291 729 Poenitenti.
305 668 449 746 Quamvis
461 676 561 727 autern
573 666 701 725 maxime
715 662 785 723 utile
798 665 837 722 sit
848 665 911 724 im·
959 712 962 717 .

129 782 233 843 ponere
259 762 510 824 Sacramentomm
538 759 817 838 frequentationem,
840 776 911 819 ora·

130 859 235 916 tionem
257 855 432 931 mentalem,
447 865 474 914 et
489 853 702 931 eleemosynam
716 848 910 911 nihilominus
956 894 959 901 -

128 953 224 1030 praxis
248 949 334 1011 habet
358 950 409 1009 has
429 947 507 1007 reddi
527 946 681 1027 damnosas
704 947 760 1018 iis,
778 946 829 1024 qui
853 955 909 1008 aut
955 992 958 997 ·

127 1041 200 1100 nihil
214 1051 265 1100 aut
279 1059 379 1119 parum
395 1039 558 1097 habuerunt
573 1035 676 1095 horum
692 1054 788 1094 usum.
804 1035 908 1095 Satis-

128 1131 264 1193 factiones
280 1132 364 1193 utiles
376 1132 531 1210 generatim
543 1149 593 1209 pro
607 1129 741 1188 omuibus
753 1127 799 1187 lrae
811 1129 908 1191 solent

129 1243 210 1297 esse,
231 1227 368 1284 nimirum
386 1223 526 1302 aggregari
546 1219 583 1280 ad
602 1219 729 1300 aliquam
746 1238 907 1297 cougrega-

129 1320 262 1377 tionem:
287 1316 544 1395 quolibet·vesperi
572 1313 690 1382 (saltem
710 1311 747 1372 ad
764 1315 906 1392 tempus)
940 1387 945 1397 Ι

129 1416 224 1466 actum
241 1407 344 1467 doloris
357 1406 474 1479 elicere,
488 1414 516 1464 et
529 1403 656 1484 quolibet
669 1423 755 1464 mane
770 1407 906 1484 proposi·-

129 1509 191 1562 turn
206 1520 361 1574 renovare,
381 1499 500 1560 dicendo
517 1519 582 1558 cum
597 1497 629 1556 S.
646 1496 777 1577 Philippo
790 1498 903 1558 Nerio:
954 1536 958 1553 -.

127 1591 275 1667 Domine,
295 1612 332 1652 ne
346 1594 470 1667 austeras
484 1590 574 1650 hodie
589 1611 701 1649 marrus
716 1601 784 1649 tuos
800 1611 820 1650 a
832 1610 901 1668 me,

127 1703 165 1744 nc
181 1684 224 1744 t'ni
242 1685 382 1762 proditor
395 1682 531 1762 efficior:
547 1685 662 1741 visitare
677 1680 805 1760 quotidie
819 1701 903 1743 sanc·

128 1777 269 1848 tissimum
293 1776 532 1847 Sacramentum,
555 1783 583 1832 et
608 1775 763 1849 imaginem
784 1791 903 1852 quoque

128 1867 228 1926 ntarrae
248 1866 464 1936 Sanctissimae,
494 1866 530 1925 ab
546 1869 587 1924 eis
603 1867 817 1945 perseverantiae
836 1877 904 1940 gra-

128 1964 195 2021 tiam
210 1961 397 2039 postulando:
410 1962 518 2021 Rosarii
528 1959 630 2026 saltem
643 1961 753 2017 tertiam
769 1965 901 2035 partem,

127 2064 153 2113 et
175 2064 215 2112 ter
236 2054 433 2116 salutationem
455 2053 611 2130 angelicam
632 2069 717 2109 mane
738 2059 766 2108 et
788 2054 901 2129 vesperi

128 2146 272 2208 dicendo:
292 2153 393 2209 Mater
411 2168 503 2221 meo,
530 2146 644 2217 adjuva
661 2164 710 2202 me
727 2142 842 2217 hodie,
860 2165 900 2205 no

127 2239 192 2297 Deo
207 2259 338 2313 peccem.
355 2239 461 2305 (Hanc
476 2248 572 2298 tamen
587 2235 780 2314 poenitentiam
798 2241 840 2292 ter
853 2253 900 2293 re·

126 2329 232 2389 citandi
250 2330 449 2391 salutationem
468 2330 622 2409 angelicam
640 2350 648 2399 ;
673 2347 739 2388 cum
766 2326 898 2405 praedicta

126 2421 329 2500 supplicatione
337 2443 388 2502 ego
395 2423 562 2503 plerumque
571 2421 669 2480 solitus
678 2418 719 2476 sui
729 2415 877 2494 injungere
888 2459 899 2493 ,

126 2522 176 2573 aut
186 2514 286 2574 saltem
297 2518 442 2577 consulere
453 2520 503 2591 iis,
517 2500 567 2595 qii
576 2533 608 2573 ea
618 2515 659 2571 uti
670 2530 727 2569 non
736 2509 876 2582 solerent)
887 2532 895 2570 r

126 2626 191 2665 curu
202 2609 330 2669 cubitum
344 2612 466 2684 iverint,
482 2609 573 2670 dicere
587 2610 616 2667 in
628 2605 713 2666 lecto:
727 2626 810 2664 nunc
821 2603 900 2664 milri

126 2699 432 2778 morondrrmfuisset
446 2703 476 2762 in
488 2699 600 2778 inferni
612 2699 681 2777 igne
692 2719 702 2767 ,·
720 2704 770 2753 aut
785 2692 897 2752 dicerer

125 2792 219 2851 veniet
233 2791 297 2853 dics
313 2817 373 2874 quo
389 2797 465 2855 milri
486 2796 518 2854 in
534 2797 594 2854 hoc
607 2792 684 2852 lecto
701 2786 896 2848 moriendum

124 2885 180 2942 erit
195 2908 202 2943 ε
220 2887 254 2945 iis
268 2890 318 2967 qui
336 2887 424 2964 legere
437 2891 550 2959 sciunt,
567 2895 596 2944 et
614 2883 793 2963 potissimum
809 2880 898 2940 ecele-

126 2976 263 3065 siasticis,
276 2980 403 3059 quotidie
414 2983 503 3061 legere
514 2980 638 3059 aliquem
653 2977 755 3036 librum
766 2970 802 3030 dc
813 2975 896 3032 rebus

127 3068 318 3147 spiritualibus
343 3061 499 3152 agentem.¹
516 3073 736 3150 Monetauteru
752 3063 786 3127 S.
799 3062 896 3126 Frau-
