1956 3608
179 249 245 295 ffl·
257 249 290 296 V·
303 248 369 295 M
379 245 562 294 Ulmum!
572 250 613 293 l't·
622 250 786 296 nrctnrvtt.
810 259 821 296 i
830 258 862 299 11

99 333 246 421 fragilitate
263 343 437 416 intrinseca,
460 351 489 402 et
509 362 558 423 per
579 344 692 420 signum
707 343 869 405 extraordi-

98 440 209 499 narium
221 440 280 516 jam
293 435 458 519 dispositis,
480 438 568 515 magis
578 437 763 498 absolutionis
776 439 869 499 bene-

98 531 193 593 licium
212 529 355 613 proderit,
371 549 459 610 quarn
477 528 584 618 dilatio.
610 532 729 595 Utinam
742 542 772 593 et
787 533 869 595 Gon·

98 625 203 687 lessadi
225 624 363 687 recidivus
386 623 567 686 absolverent
589 635 652 686 turn
676 627 769 687 solum
800 646 868 689 cum

98 723 178 800 signa
194 719 417 782 extraordinaria
431 718 572 780 afferunt!
585 720 615 780 id
626 720 702 801 quod
713 721 866 797 lugendum

98 824 157 891 est,
183 813 261 894 quod
277 816 392 889 maior,
413 832 451 873 ne
464 811 557 873 dicam
578 818 703 873 maxima
718 813 871 875 Confessa-

98 907 204 964 riorum
233 922 300 982 pars
333 901 532 964 universaliter
555 900 692 965 recidivus
715 903 872 964 absolvunt

97 1000 161 1057 sine
175 994 374 1070 distinctione,
388 997 449 1055 sine
459 996 540 1073 signo
554 992 796 1071 extraordinario,
810 998 873 1081 sine

98 1089 295 1150 admonitione
308 1097 337 1148 et
349 1089 410 1147 sine
420 1087 520 1168 aliquo
533 1088 632 1149 saltem
647 1088 772 1150 remedio
786 1108 873 1171 praes·

99 1186 150 1244 tito
172 1181 210 1243 ad
232 1181 482 1252 emendationem
500 1191 528 1242 et
546 1182 614 1243 binc
636 1201 704 1242 vere
724 1182 872 1262 procedit,

97 1296 157 1338 non
173 1279 232 1354 jam
242 1275 280 1335 ab
290 1273 471 1334 absolvendis
480 1274 642 1355 dispositis,
657 1283 699 1336 tot
708 1277 871 1337 animarum

98 1367 269 1431 universalis
284 1370 430 1448 pernicies.

139 1465 189 1543 78.
209 1462 272 1523 linc
283 1472 378 1523 tamen
390 1460 468 1542 quod
482 1460 590 1523 dictum
605 1472 669 1539 est,
682 1467 874 1527 communiter

99 1552 241 1634 loquendo
255 1552 290 1612 de
302 1552 460 1612 habituatis
474 1564 502 1612 et
517 1553 665 1630 recidivis,
677 1576 736 1617 non
748 1556 874 1639 procedit

99 1644 158 1722 jam
172 1648 243 1706 circa
252 1641 406 1706 initiandos
416 1645 447 1702 in
459 1645 544 1702 sacris
555 1643 875 1708 ordinibuslrabituatos

99 1741 129 1798 in
151 1738 249 1818 aliquo
269 1739 340 1797 vitio
365 1738 544 1816 (praesertim
567 1739 596 1795 in
618 1746 731 1817 peccalo
751 1742 873 1818 turpi);

100 1820 170 1893 eirca
184 1832 237 1891 hos
256 1833 333 1890 enim
349 1829 403 1890 alia
418 1833 504 1891 currit
518 1833 598 1891 ratio.
620 1831 722 1893 Laicus
736 1832 876 1894 habitua-

101 1935 147 1985 tus
161 1923 270 1985 absolvi
286 1933 399 2004 potest,
422 1942 533 2002 semper
553 1945 585 1984 ac
605 1935 647 1985 est
669 1924 822 2006 dispositus
836 1926 874 1987 ad

100 2017 311 2098 suscipiendum
325 2008 536 2078 sacramentum
551 2016 749 2090 Poeuitentiae,
767 2020 817 2079 sed
831 2041 876 2080 or-

100 2107 247 2170 dinandus
266 2108 453 2183 habituatus,
489 2110 513 2167 si
540 2108 600 2168 vult
620 2111 680 2188 ipse
703 2109 740 2168 ad
763 2129 876 2171 sacrum

102 2203 253 2267 ascendere
270 2203 435 2278 Ordinem,
464 2223 523 2263 non
546 2201 650 2265 sufficit
667 2203 745 2284 quod
761 2207 797 2266 sit
813 2203 877 2266 dis·

102 2300 210 2379 positus
224 2296 262 2358 ad
276 2306 486 2357 sacramentum
507 2297 704 2371 Puanitentiae,
725 2299 775 2358 sed
789 2320 876 2379 opon-

103 2400 142 2452 iet
157 2390 235 2472 quod
250 2393 336 2450 etiarn
352 2387 505 2467 dispositus
519 2391 554 2446 sit
569 2388 606 2447 ad
621 2391 813 2467 recipiendum
829 2411 878 2452 sa.

103 2494 280 2547 crementum
293 2482 410 2545 Ordinis
422 2504 430 2554 ;
444 2482 572 2562 alioquin
583 2480 620 2541 ad
632 2491 767 2542 neutrum
780 2482 880 2567 dispo·

102 2583 175 2640 ritus
188 2581 241 2637 erit
253 2598 262 2649 3
278 2599 343 2639 curn
359 2581 437 2639 enim
450 2580 487 2638 sit
502 2575 636 2655 indiguus
649 2576 821 2640 ascendendi
838 2578 876 2642 ad

104 2674 194 2734 altare
205 2673 254 2752 qui
267 2674 317 2732 vix
327 2671 577 2750 egrediturestatu
592 2675 697 2752 peccati
707 2715 717 2746 ,
727 2674 877 2734 nechabet

106 2769 274 2846 probitatem
298 2767 474 2847 positivam,
495 2770 682 2839 necessariam
700 2780 823 2845 respectu
839 2765 877 2826 ad

107 2860 310 2921 sublimitatem
321 2869 411 2920 status
422 2862 452 2918 in
467 2879 553 2938 quem
568 2862 686 2919 immitti
696 2857 803 2930 inhiat,
817 2861 879 2937 ipse

107 2957 367 3035 graviterpeccal,si
375 2956 483 3032 absque
493 2954 539 3012 illa
547 2952 726 3012 vultsacrum
736 2951 876 3013 Ordinem

108 3052 246 3130 suscipere
256 3089 265 3123 ,
275 3049 385 3107 etiamsi
406 3057 526 3124 ponatur
540 3051 569 3104 in
583 3055 657 3106 statu
671 3047 776 3122 gratlae.
794 3049 878 3125 Qua·

109 3151 220 3224 propter
230 3152 299 3204 tune
313 3139 510 3201 confessarius
524 3141 626 3222 nequit
636 3140 895 3216 eosabsolvere,
