1956 3614
263 212 291 285 §.
310 229 342 271 v.
362 228 529 271 naunonus
546 222 716 286 vrnnsetc.
816 229 877 300 'erp

98 319 232 382 diabolus
250 320 404 383 introducit
421 341 487 382 cum
501 320 557 382 illis
571 320 714 401 quasdam
731 320 880 387 affectiun-

97 416 180 478 culas
201 435 258 476 non
276 436 382 497 puras,
408 436 457 477 eas
478 415 656 479 obtrudendo
675 438 727 499 pro
744 421 879 500 spiritua·

98 511 187 570 libus.
212 509 376 572 Videantur
389 519 487 571 notata
503 532 592 571 num.
607 512 657 573 85.
679 512 799 593 Oportet
812 527 879 578 ante

97 605 197 664 omnia
219 607 384 664 renuntiare
404 605 523 684 propriae
541 605 748 682 estimationi,
768 620 798 670 et
810 620 880 692 'pro-

96 701 169 778 priae
188 698 353 775 voluntati,
379 700 438 758 imo
452 708 480 759 et
495 699 580 759 rebus
604 649 822 778 spiritualibus,
847 719 880 769 ut

97 795 246 868 orationi,
274 796 498 870 communioni,
528 802 557 855 et
583 793 880 877 munificationibus,
974 818 976 822 ·

96 886 219 968 quando
228 888 290 950 hrec
298 887 460 948 obedientia
472 907 531 948 non
540 889 687 968 permittit
700 890 880 973 Unoverbo,

96 991 211 1062 oportet
233 981 373 1063 expellere
394 1004 411 1043 a
435 981 519 1045 corde
541 1001 627 1043 omne
649 983 729 1063 quod
754 1004 815 1047 non
838 1001 881 1051 est

97 1077 205 1152 Deus,
233 1088 261 1138 et
282 1077 362 1160 qnod
379 1098 439 1140 non
464 1090 508 1140 est
525 1078 686 1158 secundum
707 1085 802 1159 majus
823 1086 879 1148 Dei

98 1172 322 1253 beneplacitum.

144 1271 213 1342 164.
229 1271 270 1328 V.
291 1269 396 1330 Laetari
411 1290 474 1330 cum
494 1272 594 1351 spiritu
610 1271 721 1350 quoties
742 1291 774 1333 se
791 1280 881 1338 cernit

97 1365 246 1426 contemni
259 1405 268 1438 ,
283 1361 409 1442 irrideri,
422 1374 451 1427 et
462 1368 593 1426 omnium
605 1365 779 1429 vilissimum
791 1391 880 1452 repu-

98 1463 164 1520 tari.
182 1457 231 1519 Oh
243 1458 250 1519 i
267 1475 354 1539 quam
366 1458 484 1540 pulchre
495 1471 557 1522 orat
568 1464 664 1522 anima
676 1463 724 1525 illa
737 1484 802 1546 qua·
814 1467 880 1528 vili-

100 1553 205 1636 pendia
217 1553 338 1615 libenter
347 1554 529 1634 amplectitur
541 1557 548 1615 i
560 1559 700 1637 praecipue
710 1563 739 1620 in
750 1582 812 1622 com
818 1580 882 1625 mu·

99 1651 301 1725 nitatibus,in
314 1650 420 1729 quibus
430 1649 492 1712 hac
502 1653 593 1710 virtus
603 1660 648 1711 est
657 1656 788 1716 omnium
799 1658 880 1736 longe
948 1720 954 1729 ,

99 1748 258 1808 necessaria
272 1744 745 1826 ;consequenter‚uponeufovere
754 1749 880 1816 affectio-

98 1858 167 1903 nem
183 1839 334 1920 specialem
351 1859 414 1919 erga
428 1849 540 1902 nostros
560 1842 712 1918 inimicus,
734 1855 762 1906 et
780 1868 881 1930 perse-

96 1943 237 2007 cutores,
263 1931 317 1990 illis
339 1930 510 2006 serviendo,
532 1935 761 2014 benefaciendo,
785 1940 881 2007 hono-

98 2024 214 2099 rando,
248 2024 349 2084 saltem
377 2023 572 2088 benedicendo
596 2036 625 2087 et
650 2034 881 2101 commendando

98 2117 261 2202 specialiter
284 2118 369 2194 Deo,
396 2119 643 2200 quemadmodum
668 2121 766 2186 Sancti
787 2128 882 2194 facere

98 2221 324 2276 consueverunt.

106 2304 217 2367 165
246 2301 417 2364 vuilere
447 2303 679 2368 ardentissimum
709 2306 881 2378 desiderium

98 2397 223 2463 amendi
235 2398 332 2458 Deum
341 2396 461 2477 rlquue
470 2397 621 2478 placendr
636 2400 717 2461 aits.
727 2405 884 2471 Theresie:

102 2493 260 2556 Dominus
289 2493 367 2554 adeo
393 2493 550 2554 desideriis
573 2493 761 2573 delectatur,
792 2524 831 2564 nc
857 2508 885 2567 si

93 2590 234 2666 fuissent
244 2588 438 2650 exsecutioni
452 2588 656 2652 demandato.
669 2588 800 2660 Sinehoc
810 2597 886 2660 desi·

104 2677 185 2740 derio
197 2682 295 2741 anima
306 2698 366 2741 non
378 2679 571 2761 progredietur
583 2684 614 2743 in
629 2685 675 2745 via
689 2686 886 2766 perfectionis,

103 2793 161 2835 nec
189 2774 270 2836 Deus
294 2774 428 2855 largietur
446 2775 488 2837 illi
512 2778 720 2855 gratiosualde
741 2786 886 2864 speciales.

104 2867 220 2932 Eadem
233 2868 266 2930 S.
280 2872 320 2932 ait
333 2891 340 2930 r
362 2869 526 2933 Ordiuorie
539 2873 623 2934 Deus
636 2895 699 2934 non
712 2876 888 2952 impertitur

98 2969 231 3044 sutores
246 2967 377 3028 multum
403 2965 593 3046 sugentes,
615 2968 677 3028 nisi
697 2968 732 3029 iis
756 2972 810 3046 qui
831 2973 886 3037 diu

105 3061 360 3123 desideraverunt
368 3063 433 3134 ejus
443 3080 595 3122 umorem.
608 3060 645 3121 Et
655 3059 795 3127 desiderio
802 3089 888 3150 opor·

102 3167 148 3220 tet
161 3176 274 3239 semper
289 3155 746 3314 mujuugeredeterminutionpp
762 3160 884 3226 faciendi

749 3278 768 3315 2
