1956 3608
236 219 265 292 §.
280 237 324 279 rv.
344 231 431 278 cruci
444 234 558 280 ruorcrs
572 236 733 280 orrrcron.
830 222 867 286 ui

101 325 236 386 sestarios
250 346 309 410 non
323 335 434 387 tenetur
447 347 501 388 nec
513 327 592 390 decet
605 333 793 407 interrogare,
816 334 872 390 nisi

102 437 226 493 uxores,
248 439 285 479 au
303 419 373 479 iilud
393 419 589 497 reddiderint,
608 422 769 483 modestiori
787 421 874 482 modo

102 533 162 592 quo
178 515 284 592 possit,
299 523 386 592 puta,
404 516 567 591 anfieen‘nt
577 517 747 576 obedientes
758 517 829 576 viris
839 517 872 576 in

99 608 243 669 omnibus
255 606 266 666 i
279 607 315 668 de
325 607 388 669 aliis
399 612 571 684 taceat‚nisi
582 614 767 688 interrogatus
777 611 873 671 fuerit.

100 700 179 778 Quae
197 710 293 762 autern
312 700 434 778 liceant,
452 713 481 763 et
494 723 560 783 quae
575 713 706 764 vetentur
719 707 792 763 inter
803 724 873 764 eon·

99 792 183 868 juges
199 793 269 853 cirea
285 790 361 852 idem
378 792 526 871 debitum,
547 792 614 854 vide
634 814 698 874 qua
717 794 779 853 fuse
798 794 871 855 dicta

68 925 73 933 ,
100 885 216 944 suntin
230 884 304 944 libro
319 889 331 951 (
353 891 376 954 ).

143 979 194 1049 42.
229 977 322 1036 Crnon
337 977 395 1038 Vll
416 979 622 1055 Proeceptum.
649 979 823 1056 interroget,
848 980 874 1039 si

98 1067 212 1149 aliquid
228 1072 265 1130 ab
278 1070 333 1130 aiio
347 1073 513 1150 surripuerit
528 1072 541 1132 i
565 1082 623 1133 eta
638 1094 719 1153 quo,
736 1082 816 1134 etan
834 1072 874 1134 ab

99 1185 179 1239 uno,
200 1174 250 1225 aut
271 1165 401 1246 pluribus
418 1169 432 1226 ’ἔ
456 1177 484 1225 et
504 1187 541 1225 au
556 1168 666 1242 semel,
689 1188 726 1227 an
743 1165 873 1245 pluries?

99 1262 171 1340 quia
181 1261 203 1316 si
212 1259 409 1336 qualibetvice
417 1263 567 1321 materiam
577 1280 692 1337 gravem
701 1264 872 1340 sumpserit,

99 1351 231 1431 qualibet
247 1356 306 1414 vice
321 1356 447 1433 peccavit
464 1354 627 1414 mortaliter.
648 1354 679 1415 Si
697 1374 765 1414 vero
778 1364 874 1415 unate-

100 1448 175 1505 riam
185 1467 299 1526 paruam
310 1449 461 1526 sumpserit
469 1448 586 1524 siugulis
594 1450 720 1522 vicibus,
735 1458 873 1508 tuncnou

100 1543 229 1619 peocavit
242 1544 383 1619 graviter,
397 1544 451 1600 nisi
466 1562 532 1601 cum
547 1541 585 1606 ad
595 1563 711 1619 gravem
723 1545 872 1602 materiam

100 1632 271 1710 advenerit,
296 1633 454 1694 dummodo
474 1656 490 1695 a
513 1639 650 1714 principio
670 1641 799 1695 animum
814 1652 873 1695 non

99 1727 233 1788 habuerit
253 1722 437 1808 perbeniendi
457 1726 494 1787 ad
509 1722 656 1788 materiam
669 1746 783 1805 gravem
799 1749 807 1795 ;
823 1724 874 1786 sed

100 1838 167 1881 cum
185 1822 301 1879 materia
316 1823 374 1895 iam
388 1818 461 1879 faeta
478 1828 520 1878 est
532 1820 646 1897 gravis,
666 1819 729 1882 licet
744 1819 791 1879 iile
805 1839 874 1898 gra-

101 1914 177 1972 viter
196 1933 254 1972 non
277 1915 423 1992 peccavit,
439 1923 534 1972 tamen
550 1915 603 1984 sub
617 1916 695 1990 gravi
712 1923 824 1973 tenetur
836 1911 874 1972 ad

100 2009 311 2067 restitutionem
326 2012 392 2079 (a),
413 2004 512 2065 saltem
529 2005 604 2064 iiiios
625 2005 733 2066 ultime
755 2010 874 2089 quanti-

102 2103 191 2174 tatis,
212 2121 275 2181 que
290 2103 437 2162 materiam
452 2120 567 2178 gravem
582 2102 727 2160 constituit
739 2105 794 2171 (3).
811 2101 876 2162 No-

102 2193 224 2255 tandum
246 2206 342 2256 tamen
360 2195 424 2274 pins
444 2197 569 2254 materia
589 2193 627 2255 ad
644 2194 874 2256 constituendam

102 2293 272 2367 gravitatem
296 2292 328 2347 iu
348 2288 430 2348 furtis
449 2291 588 2364 minutis,
614 2297 642 2350 et
667 2287 803 2364 majorem
828 2308 874 2348 re-

103 2385 201 2463 quiri,
227 2384 251 2442 si
273 2378 431 2441 a'diversis
448 2391 600 2441 sumantur
618 2402 626 2453 3
653 2381 731 2441 unde
747 2380 874 2455 dieitur,

103 2475 184 2554 quod
198 2480 227 2537 in
243 2477 325 2537 furtis
343 2477 461 2536 minutis
478 2469 542 2553 quae
557 2475 684 2556 pluribus
702 2476 813 2536 vicibus
826 2475 875 2535 di-

101 2572 195 2628 versis
212 2569 284 2630 facta
305 2579 393 2643 sunt,
423 2561 543 2649 duplum
567 2571 670 2648 requiri
693 2572 751 2644 (4).
790 2558 893 2632 Etsi

101 2667 180 2724 inter
208 2683 241 2722 ea
266 2663 390 2723 nutabile
414 2665 569 2724 intercessit
592 2672 720 2744 tempus,
749 2664 872 2726 duorum

103 2777 209 2840 nempe
230 2762 398 2835 meusium,
426 2769 494 2821 tuuc
513 2759 587 2821 furta
611 2759 793 2842 probabiliter
814 2779 874 2820 uon

141 2948 178 3008 (r)
197 2945 249 2996 Lib.
263 2949 297 3007 6,
317 2913 348 2996 ex
361 2960 436 2996 nuru.
450 2960 507 3010 9⁰⁰·

122 3076 124 3081 -
140 3046 178 3104 (ι)
196 3041 272 3092 Tom.
288 3040 316 3100 l,
334 3037 378 3090 lib.
391 3039 419 3102 5,
440 3053 517 3090 num.
533 3038 590 3092 533.

140 3137 178 3203 (a)
196 3135 259 3191 thid.
273 3137 302 3189 iu
314 3134 362 3190 un.
462 3184 466 3190 .
498 3137 535 3202 (4)
552 3135 583 3188 L·
594 3133 631 3202 b,
648 3131 811 3202 nummio,
