<?xml version="1.0" encoding="UTF-8"?>
<!DOCTYPE html PUBLIC "-//W3C//DTD XHTML 1.0 Transitional//EN"
    "http://www.w3.org/TR/xhtml1/DTD/xhtml1-transitional.dtd">
<html xmlns="http://www.w3.org/1999/xhtml" xml:lang="en" lang="en">
 <head>
  <title>
</title>
<meta http-equiv="Content-Type" content="text/html;charset=utf-8" />
  <meta name='ocr-system' content='tesseract 3.04.00' />
  <meta name='ocr-capabilities' content='ocr_page ocr_carea ocr_par ocr_line ocrx_word'/>
</head>
<body>
  <div class='ocr_page' id='page_1' title='image "./praxiaconfessar00ligugoog/praxiaconfessar00ligugoog_0121.png"; bbox 0 0 1956 3608; ppageno 0'>
   <div class='ocr_carea' id='block_1_1' title="bbox 24 230 651 298">
    <p class='ocr_par' dir='ltr' id='par_1_1' title="bbox 24 230 651 298">
     <span class='ocr_line' id='line_1_1' title="bbox 24 230 651 298; baseline -0.01 -1"><span class='ocrx_word' id='word_1_1' title='bbox 24 230 27 239; x_wconf 83' lang='lat'>&#39;</span> <span class='ocrx_word' id='word_1_2' title='bbox 107 256 162 298; x_wconf 75' lang='lat' dir='ltr'><strong>rra</strong></span> <span class='ocrx_word' id='word_1_3' title='bbox 313 238 430 291; x_wconf 75' lang='lat' dir='ltr'><strong>&#39;raam</strong></span> <span class='ocrx_word' id='word_1_4' title='bbox 446 245 651 291; x_wconf 69' lang='lat' dir='ltr'><strong>consuetur.</strong></span> 
     </span>
    </p>
   </div>
   <div class='ocr_carea' id='block_1_2' title="bbox 43 332 914 2748">
    <p class='ocr_par' dir='ltr' id='par_1_2' title="bbox 43 332 914 2748">
     <span class='ocr_line' id='line_1_2' title="bbox 103 332 875 422; baseline -0.009 -19"><span class='ocrx_word' id='word_1_5' title='bbox 103 344 157 403; x_wconf 88' lang='lat' dir='ltr'><strong>nisi</strong></span> <span class='ocrx_word' id='word_1_6' title='bbox 173 341 317 422; x_wconf 82' lang='lat' dir='ltr'><strong>promittat</strong></span> <span class='ocrx_word' id='word_1_7' title='bbox 336 341 477 412; x_wconf 81' lang='lat' dir='ltr'><strong>abstinere</strong></span> <span class='ocrx_word' id='word_1_8' title='bbox 491 340 529 399; x_wconf 87' lang='lat' dir='ltr'><strong>ab</strong></span> <span class='ocrx_word' id='word_1_9' title='bbox 545 338 657 400; x_wconf 81' lang='lat' dir='ltr'>Ordine</span> <span class='ocrx_word' id='word_1_10' title='bbox 675 332 875 417; x_wconf 82' lang='lat' dir='ltr'><strong>suscipiendo,</strong></span> 
     </span>
     <span class='ocr_line' id='line_1_3' title="bbox 102 429 873 514; baseline -0.006 -19"><span class='ocrx_word' id='word_1_11' title='bbox 102 435 139 495; x_wconf 88' lang='lat' dir='ltr'><strong>ad</strong></span> <span class='ocrx_word' id='word_1_12' title='bbox 154 453 240 514; x_wconf 89' lang='lat' dir='ltr'><strong>quem</strong></span> <span class='ocrx_word' id='word_1_13' title='bbox 256 431 407 494; x_wconf 87' lang='lat' dir='ltr'><strong>ascendere</strong></span> <span class='ocrx_word' id='word_1_14' title='bbox 420 450 479 492; x_wconf 92' lang='lat' dir='ltr'><strong>non</strong></span> <span class='ocrx_word' id='word_1_15' title='bbox 498 435 621 513; x_wconf 86' lang='lat' dir='ltr'><strong>poterit,</strong></span> <span class='ocrx_word' id='word_1_16' title='bbox 644 433 700 491; x_wconf 91' lang='lat' dir='ltr'><strong>nisi</strong></span> <span class='ocrx_word' id='word_1_17' title='bbox 719 441 784 513; x_wconf 51' lang='lat' dir='ltr'><strong>‚post</strong></span> <span class='ocrx_word' id='word_1_18' title='bbox 799 429 873 508; x_wconf 81' lang='lat' dir='ltr'><strong>longi</strong></span> 
     </span>
     <span class='ocr_line' id='line_1_4' title="bbox 101 517 914 609; baseline -0.005 -21"><span class='ocrx_word' id='word_1_19' title='bbox 101 531 253 609; x_wconf 87' lang='lat' dir='ltr'><strong>temporis,</strong></span> <span class='ocrx_word' id='word_1_20' title='bbox 266 527 366 587; x_wconf 87' lang='lat' dir='ltr'><strong>saitem</strong></span> <span class='ocrx_word' id='word_1_21' title='bbox 378 525 502 607; x_wconf 83' lang='lat' dir='ltr'><strong>plurium</strong></span> <span class='ocrx_word' id='word_1_22' title='bbox 515 528 656 587; x_wconf 83' lang='lat' dir='ltr'><strong>niensium</strong></span> <span class='ocrx_word' id='word_1_23' title='bbox 669 527 873 608; x_wconf 86' lang='lat' dir='ltr'><strong>probationem.</strong></span> <span class='ocrx_word' id='word_1_24' title='bbox 911 517 914 525; x_wconf 69' lang='grc'>’</span> 
     </span>
     <span class='ocr_line' id='line_1_5' title="bbox 102 619 880 702; baseline -0.004 -21"><span class='ocrx_word' id='word_1_25' title='bbox 102 621 137 693; x_wconf 82' lang='lat' dir='ltr'><strong>ld</strong></span> <span class='ocrx_word' id='word_1_26' title='bbox 152 621 234 702; x_wconf 80' lang='lat' dir='ltr'><strong>plene</strong></span> <span class='ocrx_word' id='word_1_27' title='bbox 253 622 403 700; x_wconf 86' lang='lat' dir='ltr'><strong>probatam</strong></span> <span class='ocrx_word' id='word_1_28' title='bbox 418 629 461 680; x_wconf 89' lang='lat' dir='ltr'><strong>est</strong></span> <span class='ocrx_word' id='word_1_29' title='bbox 475 622 505 680; x_wconf 94' lang='lat' dir='ltr'><strong>in</strong></span> <span class='ocrx_word' id='word_1_30' title='bbox 519 619 715 681; x_wconf 75' lang='lat' dir='ltr'><strong>dissertatione</strong></span> <span class='ocrx_word' id='word_1_31' title='bbox 734 622 812 700; x_wconf 88' lang='lat' dir='ltr'><strong>operi</strong></span> <span class='ocrx_word' id='word_1_32' title='bbox 825 621 880 679; x_wconf 88' lang='lat' dir='ltr'><strong>in-.</strong></span> 
     </span>
     <span class='ocr_line' id='line_1_6' title="bbox 103 714 879 790; baseline -0.003 -15"><span class='ocrx_word' id='word_1_33' title='bbox 103 725 175 775; x_wconf 86' lang='lat' dir='ltr'><strong>serta</strong></span> <span class='ocrx_word' id='word_1_34' title='bbox 193 721 257 790; x_wconf 88' lang='lat'><strong>(1),</strong></span> <span class='ocrx_word' id='word_1_35' title='bbox 271 736 335 777; x_wconf 85' lang='lat' dir='ltr'><strong>curn</strong></span> <span class='ocrx_word' id='word_1_36' title='bbox 349 718 495 777; x_wconf 88' lang='lat' dir='ltr'><strong>communi</strong></span> <span class='ocrx_word' id='word_1_37' title='bbox 508 717 647 781; x_wconf 85' lang='lat' dir='ltr'><strong>sententia</strong></span> <span class='ocrx_word' id='word_1_38' title='bbox 659 714 817 776; x_wconf 77' lang='lat' dir='ltr'><strong>Doctorum</strong></span> <span class='ocrx_word' id='word_1_39' title='bbox 831 717 879 784; x_wconf 62' lang='lat' dir='ltr'><strong>(a),</strong></span> 
     </span>
     <span class='ocr_line' id='line_1_7' title="bbox 103 804 874 891; baseline -0.004 -26"><span class='ocrx_word' id='word_1_40' title='bbox 103 808 141 865; x_wconf 89' lang='lat' dir='ltr'><strong>ibi</strong></span> <span class='ocrx_word' id='word_1_41' title='bbox 161 805 336 880; x_wconf 86' lang='lat' dir='ltr'><strong>relatorum,</strong></span> <span class='ocrx_word' id='word_1_42' title='bbox 356 808 407 887; x_wconf 83' lang='lat' dir='ltr'><strong>qui</strong></span> <span class='ocrx_word' id='word_1_43' title='bbox 422 806 523 868; x_wconf 84' lang='lat' dir='ltr'><strong>docent</strong></span> <span class='ocrx_word' id='word_1_44' title='bbox 537 805 614 887; x_wconf 90' lang='lat' dir='ltr'><strong>quod</strong></span> <span class='ocrx_word' id='word_1_45' title='bbox 628 804 666 867; x_wconf 87' lang='lat' dir='ltr'><strong>ad</strong></span> <span class='ocrx_word' id='word_1_46' title='bbox 684 825 797 891; x_wconf 78' lang='lat' dir='ltr'><strong>sacrum</strong></span> <span class='ocrx_word' id='word_1_47' title='bbox 816 805 874 864; x_wconf 86' lang='lat' dir='ltr'><strong>Or-</strong></span> 
     </span>
     <span class='ocr_line' id='line_1_8' title="bbox 102 896 873 977; baseline 0 -21"><span class='ocrx_word' id='word_1_48' title='bbox 102 897 198 958; x_wconf 87' lang='lat' dir='ltr'>dinem</span> <span class='ocrx_word' id='word_1_49' title='bbox 214 896 426 977; x_wconf 86' lang='lat' dir='ltr'><strong>suscipiendum</strong></span> <span class='ocrx_word' id='word_1_50' title='bbox 444 919 503 959; x_wconf 92' lang='lat' dir='ltr'><strong>non</strong></span> <span class='ocrx_word' id='word_1_51' title='bbox 518 901 586 958; x_wconf 87' lang='lat' dir='ltr'><strong>satis</strong></span> <span class='ocrx_word' id='word_1_52' title='bbox 605 908 648 960; x_wconf 87' lang='lat' dir='ltr'><strong>est</strong></span> <span class='ocrx_word' id='word_1_53' title='bbox 664 898 777 958; x_wconf 88' lang='lat' dir='ltr'><strong>bonitas</strong></span> <span class='ocrx_word' id='word_1_54' title='bbox 792 916 873 958; x_wconf 88' lang='lat' dir='ltr'><strong>com·</strong></span> 
     </span>
     <span class='ocr_line' id='line_1_9' title="bbox 102 987 875 1069; baseline 0.001 -21"><span class='ocrx_word' id='word_1_55' title='bbox 102 992 218 1062; x_wconf 85' lang='lat' dir='ltr'><strong>monis,</strong></span> <span class='ocrx_word' id='word_1_56' title='bbox 232 987 261 1046; x_wconf 91' lang='lat' dir='ltr'><strong>id</strong></span> <span class='ocrx_word' id='word_1_57' title='bbox 275 998 318 1047; x_wconf 87' lang='lat' dir='ltr'><strong>est</strong></span> <span class='ocrx_word' id='word_1_58' title='bbox 327 989 448 1068; x_wconf 84' lang='lat' dir='ltr'>simplex</span> <span class='ocrx_word' id='word_1_59' title='bbox 459 991 653 1051; x_wconf 82' lang='lat' dir='ltr'><strong>irnmunitasa</strong></span> <span class='ocrx_word' id='word_1_60' title='bbox 668 988 782 1069; x_wconf 80' lang='lat' dir='ltr'><strong>peceato</strong></span> <span class='ocrx_word' id='word_1_61' title='bbox 795 1008 875 1049; x_wconf 87' lang='lat' dir='ltr'><strong>mor-</strong></span> 
     </span>
     <span class='ocr_line' id='line_1_10' title="bbox 101 1078 874 1161; baseline 0 -20"><span class='ocrx_word' id='word_1_62' title='bbox 101 1080 166 1155; x_wconf 84' lang='lat' dir='ltr'><strong>tali,</strong></span> <span class='ocrx_word' id='word_1_63' title='bbox 180 1080 230 1139; x_wconf 89' lang='lat' dir='ltr'><strong>sed</strong></span> <span class='ocrx_word' id='word_1_64' title='bbox 240 1078 392 1160; x_wconf 83' lang='lat' dir='ltr'><strong>requiritur</strong></span> <span class='ocrx_word' id='word_1_65' title='bbox 402 1082 517 1141; x_wconf 82' lang='lat' dir='ltr'><strong>bonitas</strong></span> <span class='ocrx_word' id='word_1_66' title='bbox 528 1083 668 1161; x_wconf 84' lang='lat' dir='ltr'><strong>specialis,</strong></span> <span class='ocrx_word' id='word_1_67' title='bbox 678 1085 784 1143; x_wconf 85' lang='lat' dir='ltr'><strong>virtute</strong></span> <span class='ocrx_word' id='word_1_68' title='bbox 792 1085 874 1161; x_wconf 89' lang='lat' dir='ltr'><strong>cujus</strong></span> 
     </span>
     <span class='ocr_line' id='line_1_11' title="bbox 101 1174 874 1256; baseline 0.001 -22"><span class='ocrx_word' id='word_1_69' title='bbox 101 1174 257 1236; x_wconf 88' lang='lat' dir='ltr'><strong>initiandus</strong></span> <span class='ocrx_word' id='word_1_70' title='bbox 283 1176 319 1234; x_wconf 91' lang='lat' dir='ltr'><strong>sit</strong></span> <span class='ocrx_word' id='word_1_71' title='bbox 338 1195 355 1236; x_wconf 86' lang='lat' dir='ltr'><strong>a</strong></span> <span class='ocrx_word' id='word_1_72' title='bbox 375 1177 471 1255; x_wconf 88' lang='lat' dir='ltr'><strong>pravis</strong></span> <span class='ocrx_word' id='word_1_73' title='bbox 484 1174 631 1235; x_wconf 86' lang='lat' dir='ltr'><strong>habitibus</strong></span> <span class='ocrx_word' id='word_1_74' title='bbox 645 1175 820 1256; x_wconf 86' lang='lat' dir='ltr'><strong>depuratus,</strong></span> <span class='ocrx_word' id='word_1_75' title='bbox 843 1185 874 1235; x_wconf 91' lang='lat' dir='ltr'><strong>ut</strong></span> 
     </span>
     <span class='ocr_line' id='line_1_12' title="bbox 102 1265 873 1349; baseline 0 -20"><span class='ocrx_word' id='word_1_76' title='bbox 102 1265 196 1349; x_wconf 81' lang='lat' dir='ltr'><strong>docuit</strong></span> <span class='ocrx_word' id='word_1_77' title='bbox 220 1266 258 1326; x_wconf 91' lang='lat' dir='ltr'><strong>D.</strong></span> <span class='ocrx_word' id='word_1_78' title='bbox 274 1266 403 1327; x_wconf 87' lang='lat' dir='ltr'><strong>Thomas</strong></span> <span class='ocrx_word' id='word_1_79' title='bbox 424 1270 469 1341; x_wconf 83' lang='lat'><strong>(3)</strong></span> <span class='ocrx_word' id='word_1_80' title='bbox 488 1288 495 1324; x_wconf 77' lang='grc' dir='ltr'><strong><em>ι</em></strong></span> <span class='ocrx_word' id='word_1_81' title='bbox 522 1267 653 1328; x_wconf 80' lang='lat' dir='ltr'><strong>Ordines</strong></span> <span class='ocrx_word' id='word_1_82' title='bbox 678 1269 873 1345; x_wconf 31' lang='lat' dir='ltr'><strong>sacrizproe-</strong></span> 
     </span>
     <span class='ocr_line' id='line_1_13' title="bbox 100 1359 873 1441; baseline 0 -20"><span class='ocrx_word' id='word_1_83' title='bbox 100 1362 229 1441; x_wconf 77' lang='lat' dir='ltr'><strong>exigunt</strong></span> <span class='ocrx_word' id='word_1_84' title='bbox 247 1361 458 1427; x_wconf 79' lang='lat' dir='ltr'><strong>sanctitatem,¹</strong></span> <span class='ocrx_word' id='word_1_85' title='bbox 482 1360 562 1421; x_wconf 80' lang='lat' dir='ltr'><strong>unda</strong></span> <span class='ocrx_word' id='word_1_86' title='bbox 575 1361 696 1436; x_wconf 80' lang='lat' dir='ltr'><strong>pondus</strong></span> <span class='ocrx_word' id='word_1_87' title='bbox 720 1359 873 1423; x_wconf 81' lang='lat' dir='ltr'><strong>Ordinum</strong></span> 
     </span>
     <span class='ocr_line' id='line_1_14' title="bbox 101 1451 872 1530; baseline 0 -16"><span class='ocrx_word' id='word_1_88' title='bbox 101 1451 320 1530; x_wconf 81' lang='lat' dir='ltr'><strong>imponendum</strong></span> <span class='ocrx_word' id='word_1_89' title='bbox 340 1452 505 1529; x_wconf 84' lang='lat' dir='ltr'><strong>parietibus</strong></span> <span class='ocrx_word' id='word_1_90' title='bbox 518 1457 589 1526; x_wconf 80' lang='lat' dir='ltr'><strong>jam</strong></span> <span class='ocrx_word' id='word_1_91' title='bbox 607 1473 663 1529; x_wconf 79' lang='lat' dir='ltr'><strong>par</strong></span> <span class='ocrx_word' id='word_1_92' title='bbox 683 1454 872 1516; x_wconf 80' lang='lat' dir='ltr'><strong>sanctitatem</strong></span> 
     </span>
     <span class='ocr_line' id='line_1_15' title="bbox 103 1545 874 1620; baseline 0.001 -13"><span class='ocrx_word' id='word_1_93' title='bbox 103 1546 285 1620; x_wconf 82' lang='lat' dir='ltr'><strong>desiccatis,</strong></span> <span class='ocrx_word' id='word_1_94' title='bbox 297 1545 330 1606; x_wconf 81' lang='lat' dir='ltr'><strong>ict</strong></span> <span class='ocrx_word' id='word_1_95' title='bbox 343 1558 388 1605; x_wconf 87' lang='lat' dir='ltr'><strong>est</strong></span> <span class='ocrx_word' id='word_1_96' title='bbox 397 1545 436 1606; x_wconf 84' lang='lat' dir='ltr'><strong>ab</strong></span> <span class='ocrx_word' id='word_1_97' title='bbox 447 1546 578 1606; x_wconf 76' lang='lat' dir='ltr'><strong>humore</strong></span> <span class='ocrx_word' id='word_1_98' title='bbox 587 1547 742 1607; x_wconf 81' lang='lat' dir='ltr'><strong>vitiorum.</strong></span> <span class='ocrx_word' id='word_1_99' title='bbox 757 1548 794 1606; x_wconf 88' lang='lat' dir='ltr'><strong>Et</strong></span> <span class='ocrx_word' id='word_1_100' title='bbox 805 1551 874 1608; x_wconf 87' lang='lat' dir='ltr'><strong>ratio</strong></span> 
     </span>
     <span class='ocr_line' id='line_1_16' title="bbox 102 1638 874 1722; baseline 0.004 -22"><span class='ocrx_word' id='word_1_101' title='bbox 102 1649 165 1716; x_wconf 89' lang='lat' dir='ltr'><strong>est,</strong></span> <span class='ocrx_word' id='word_1_102' title='bbox 189 1640 258 1720; x_wconf 83' lang='lat' dir='ltr'><strong>qnia</strong></span> <span class='ocrx_word' id='word_1_103' title='bbox 272 1643 295 1699; x_wconf 89' lang='lat' dir='ltr'><strong>si</strong></span> <span class='ocrx_word' id='word_1_104' title='bbox 310 1638 485 1700; x_wconf 87' lang='lat' dir='ltr'><strong>ordinandos</strong></span> <span class='ocrx_word' id='word_1_105' title='bbox 500 1638 576 1700; x_wconf 86' lang='lat' dir='ltr'><strong>hanc</strong></span> <span class='ocrx_word' id='word_1_106' title='bbox 590 1639 749 1701; x_wconf 88' lang='lat' dir='ltr'><strong>nonhabet</strong></span> <span class='ocrx_word' id='word_1_107' title='bbox 764 1645 874 1722; x_wconf 89' lang='lat' dir='ltr'><strong>specia-</strong></span> 
     </span>
     <span class='ocr_line' id='line_1_17' title="bbox 103 1733 874 1814; baseline 0.006 -23"><span class='ocrx_word' id='word_1_108' title='bbox 103 1733 157 1793; x_wconf 88' lang='lat' dir='ltr'><strong>iem</strong></span> <span class='ocrx_word' id='word_1_109' title='bbox 171 1737 367 1807; x_wconf 80' lang='lat' dir='ltr'><strong>sanctitatem,</strong></span> <span class='ocrx_word' id='word_1_110' title='bbox 379 1733 512 1811; x_wconf 80' lang='lat' dir='ltr'><strong>indignus</strong></span> <span class='ocrx_word' id='word_1_111' title='bbox 523 1743 657 1813; x_wconf 87' lang='lat' dir='ltr'><strong>estsuper</strong></span> <span class='ocrx_word' id='word_1_112' title='bbox 669 1733 779 1814; x_wconf 87' lang='lat' dir='ltr'><strong>piebem</strong></span> <span class='ocrx_word' id='word_1_113' title='bbox 792 1756 874 1797; x_wconf 88' lang='lat' dir='ltr'><strong>cons·</strong></span> 
     </span>
     <span class='ocr_line' id='line_1_18' title="bbox 101 1827 872 1902; baseline 0.001 -15"><span class='ocrx_word' id='word_1_114' title='bbox 101 1829 188 1902; x_wconf 89' lang='lat' dir='ltr'><strong>titui,</strong></span> <span class='ocrx_word' id='word_1_115' title='bbox 211 1827 249 1888; x_wconf 88' lang='lat' dir='ltr'><strong>ed</strong></span> <span class='ocrx_word' id='word_1_116' title='bbox 263 1827 400 1887; x_wconf 85' lang='lat' dir='ltr'><strong>altissima</strong></span> <span class='ocrx_word' id='word_1_117' title='bbox 414 1827 510 1886; x_wconf 87' lang='lat' dir='ltr'><strong>aitaris</strong></span> <span class='ocrx_word' id='word_1_118' title='bbox 524 1829 681 1900; x_wconf 85' lang='lat' dir='ltr'><strong>ministeria</strong></span> <span class='ocrx_word' id='word_1_119' title='bbox 696 1829 872 1891; x_wconf 85' lang='lat' dir='ltr'><strong>exercenda:</strong></span> 
     </span>
     <span class='ocr_line' id='line_1_19' title="bbox 100 1919 874 2001; baseline 0.005 -20"><span class='ocrx_word' id='word_1_120' title='bbox 100 1921 187 1984; x_wconf 87' lang='lat' dir='ltr'><strong>Sicut</strong></span> <span class='ocrx_word' id='word_1_121' title='bbox 200 1921 245 1981; x_wconf 87' lang='lat' dir='ltr'><strong>illi</strong></span> <span class='ocrx_word' id='word_1_122' title='bbox 268 1925 281 1989; x_wconf 93' lang='lat'>(</span> <span class='ocrx_word' id='word_1_123' title='bbox 294 1921 418 2001; x_wconf 87' lang='lat' dir='ltr'><strong>loquitur</strong></span> <span class='ocrx_word' id='word_1_124' title='bbox 430 1919 507 1981; x_wconf 90' lang='lat' dir='ltr'><strong>idem</strong></span> <span class='ocrx_word' id='word_1_125' title='bbox 520 1920 553 1981; x_wconf 91' lang='lat' dir='ltr'><strong>S.</strong></span> <span class='ocrx_word' id='word_1_126' title='bbox 569 1920 695 2000; x_wconf 87' lang='lat' dir='ltr'><strong>Doctor)</strong></span> <span class='ocrx_word' id='word_1_127' title='bbox 718 1925 774 2000; x_wconf 88' lang='lat' dir='ltr'><strong>qui</strong></span> <span class='ocrx_word' id='word_1_128' title='bbox 786 1926 874 1985; x_wconf 79' lang='lat' dir='ltr'><strong>ordi-</strong></span> 
     </span>
     <span class='ocr_line' id='line_1_20' title="bbox 43 2015 875 2095; baseline 0.002 -19"><span class='ocrx_word' id='word_1_129' title='bbox 43 2063 45 2066; x_wconf 81' lang='lat'>.</span> <span class='ocrx_word' id='word_1_130' title='bbox 99 2037 169 2078; x_wconf 85' lang='lat' dir='ltr'><strong>nem</strong></span> <span class='ocrx_word' id='word_1_131' title='bbox 190 2015 376 2091; x_wconf 75' lang='lat' dir='ltr'><strong>suscipiunt,</strong></span> <span class='ocrx_word' id='word_1_132' title='bbox 402 2036 495 2094; x_wconf 82' lang='lat' dir='ltr'><strong>super</strong></span> <span class='ocrx_word' id='word_1_133' title='bbox 510 2016 631 2095; x_wconf 78' lang='lat' dir='ltr'><strong>piebem</strong></span> <span class='ocrx_word' id='word_1_134' title='bbox 648 2016 875 2078; x_wconf 86' lang='lat' dir='ltr'><strong>constituuntur</strong></span> 
     </span>
     <span class='ocr_line' id='line_1_21' title="bbox 97 2109 873 2192; baseline 0.001 -21"><span class='ocrx_word' id='word_1_135' title='bbox 97 2109 199 2192; x_wconf 73' lang='lat' dir='ltr'><strong>gradu</strong></span> <span class='ocrx_word' id='word_1_136' title='bbox 217 2109 353 2182; x_wconf 80' lang='lat' dir='ltr'><strong>ordinis,</strong></span> <span class='ocrx_word' id='word_1_137' title='bbox 375 2109 418 2169; x_wconf 85' lang='lat' dir='ltr'><strong>ita</strong></span> <span class='ocrx_word' id='word_1_138' title='bbox 440 2122 469 2168; x_wconf 86' lang='lat' dir='ltr'><strong>et</strong></span> <span class='ocrx_word' id='word_1_139' title='bbox 488 2109 659 2191; x_wconf 78' lang='lat' dir='ltr'><strong>superiores</strong></span> <span class='ocrx_word' id='word_1_140' title='bbox 683 2109 744 2168; x_wconf 87' lang='lat' dir='ltr'><strong>sint</strong></span> <span class='ocrx_word' id='word_1_141' title='bbox 764 2115 873 2172; x_wconf 87' lang='lat' dir='ltr'><strong>merito</strong></span> 
     </span>
     <span class='ocr_line' id='line_1_22' title="bbox 99 2197 871 2279; baseline 0 -17"><span class='ocrx_word' id='word_1_142' title='bbox 99 2201 271 2263; x_wconf 87' lang='lat' dir='ltr'><strong>sanctitatis</strong></span> <span class='ocrx_word' id='word_1_143' title='bbox 286 2204 341 2271; x_wconf 75' lang='grc'><strong>(4).</strong></span> <span class='ocrx_word' id='word_1_144' title='bbox 362 2198 399 2257; x_wconf 89' lang='lat' dir='ltr'><strong>Et</strong></span> <span class='ocrx_word' id='word_1_145' title='bbox 412 2197 481 2258; x_wconf 86' lang='lat' dir='ltr'><strong>aiibi</strong></span> <span class='ocrx_word' id='word_1_146' title='bbox 497 2198 540 2270; x_wconf 88' lang='grc'><strong>(5)</strong></span> <span class='ocrx_word' id='word_1_147' title='bbox 556 2201 714 2279; x_wconf 87' lang='lat' dir='ltr'><strong>expressius</strong></span> <span class='ocrx_word' id='word_1_148' title='bbox 726 2201 871 2279; x_wconf 85' lang='lat' dir='ltr'><strong>praefatam</strong></span> 
     </span>
     <span class='ocr_line' id='line_1_23' title="bbox 102 2289 872 2373; baseline -0.003 -19"><span class='ocrx_word' id='word_1_149' title='bbox 102 2296 240 2365; x_wconf 80' lang='lat' dir='ltr'><strong>rationem</strong></span> <span class='ocrx_word' id='word_1_150' title='bbox 255 2291 423 2365; x_wconf 85' lang='lat' dir='ltr'><strong>confirmat,</strong></span> <span class='ocrx_word' id='word_1_151' title='bbox 440 2289 555 2353; x_wconf 82' lang='lat' dir='ltr'><strong>dicens:</strong></span> <span class='ocrx_word' id='word_1_152' title='bbox 582 2293 661 2373; x_wconf 83' lang='lat' dir='ltr'><strong>Quia</strong></span> <span class='ocrx_word' id='word_1_153' title='bbox 672 2315 730 2372; x_wconf 78' lang='lat' dir='ltr'><strong>per</strong></span> <span class='ocrx_word' id='word_1_154' title='bbox 745 2313 872 2357; x_wconf 89' lang='lat' dir='ltr'><strong>sacrum</strong></span> 
     </span>
     <span class='ocr_line' id='line_1_24' title="bbox 104 2385 874 2473; baseline 0.014 -32"><span class='ocrx_word' id='word_1_155' title='bbox 104 2385 250 2447; x_wconf 77' lang='lat' dir='ltr'><strong>Ordinem</strong></span> <span class='ocrx_word' id='word_1_156' title='bbox 264 2386 429 2462; x_wconf 82' lang='lat' dir='ltr'><strong>deputatur</strong></span> <span class='ocrx_word' id='word_1_157' title='bbox 438 2388 481 2448; x_wconf 88' lang='lat' dir='ltr'><strong>ad</strong></span> <span class='ocrx_word' id='word_1_158' title='bbox 495 2387 673 2467; x_wconf 79' lang='lat' dir='ltr'><strong>dignissimo</strong></span> <span class='ocrx_word' id='word_1_159' title='bbox 686 2389 874 2473; x_wconf 68' lang='lat' dir='ltr'><strong>ministeria,</strong></span> 
     </span>
     <span class='ocr_line' id='line_1_25' title="bbox 99 2479 871 2557; baseline 0.004 -18"><span class='ocrx_word' id='word_1_160' title='bbox 99 2479 209 2557; x_wconf 85' lang='lat' dir='ltr'><strong>quibus</strong></span> <span class='ocrx_word' id='word_1_161' title='bbox 232 2479 290 2556; x_wconf 83' lang='lat' dir='ltr'><strong>ipsi</strong></span> <span class='ocrx_word' id='word_1_162' title='bbox 314 2479 436 2540; x_wconf 80' lang='lat' dir='ltr'><strong>Christo</strong></span> <span class='ocrx_word' id='word_1_163' title='bbox 463 2481 591 2541; x_wconf 80' lang='lat' dir='ltr'><strong>servitur</strong></span> <span class='ocrx_word' id='word_1_164' title='bbox 613 2481 644 2538; x_wconf 90' lang='lat' dir='ltr'><strong>in</strong></span> <span class='ocrx_word' id='word_1_165' title='bbox 667 2481 871 2544; x_wconf 81' lang='lat' dir='ltr'><strong>Sacramenta</strong></span> 
     </span>
     <span class='ocr_line' id='line_1_26' title="bbox 100 2572 871 2650; baseline 0.001 -17"><span class='ocrx_word' id='word_1_166' title='bbox 100 2572 227 2642; x_wconf 83' lang='lat' dir='ltr'><strong>altaris,</strong></span> <span class='ocrx_word' id='word_1_167' title='bbox 251 2572 293 2631; x_wconf 85' lang='lat' dir='ltr'><strong>ad</strong></span> <span class='ocrx_word' id='word_1_168' title='bbox 312 2572 395 2648; x_wconf 84' lang='lat' dir='ltr'><strong>qnod</strong></span> <span class='ocrx_word' id='word_1_169' title='bbox 413 2572 576 2650; x_wconf 80' lang='lat' dir='ltr'><strong>requiritur</strong></span> <span class='ocrx_word' id='word_1_170' title='bbox 595 2576 699 2647; x_wconf 80' lang='lat' dir='ltr'><strong>major</strong></span> <span class='ocrx_word' id='word_1_171' title='bbox 724 2579 871 2636; x_wconf 83' lang='lat' dir='ltr'><strong>sanctitas</strong></span> 
     </span>
     <span class='ocr_line' id='line_1_27' title="bbox 99 2663 871 2748; baseline 0.003 -22"><span class='ocrx_word' id='word_1_172' title='bbox 99 2663 241 2742; x_wconf 81' lang='lat' dir='ltr'><strong>interior,</strong></span> <span class='ocrx_word' id='word_1_173' title='bbox 254 2684 347 2741; x_wconf 89' lang='lat' dir='ltr'><strong>quam</strong></span> <span class='ocrx_word' id='word_1_174' title='bbox 359 2666 485 2743; x_wconf 86' lang='lat' dir='ltr'><strong>requirit</strong></span> <span class='ocrx_word' id='word_1_175' title='bbox 494 2667 587 2727; x_wconf 84' lang='lat' dir='ltr'><strong>etiarn</strong></span> <span class='ocrx_word' id='word_1_176' title='bbox 598 2667 752 2748; x_wconf 78' lang='lat' dir='ltr'><strong>religionis</strong></span> <span class='ocrx_word' id='word_1_177' title='bbox 762 2681 871 2730; x_wconf 85' lang='lat' dir='ltr'><strong>status.</strong></span> 
     </span>
    </p>
   </div>
   <div class='ocr_carea' id='block_1_3' title="bbox 129 2842 856 3216">
    <p class='ocr_par' dir='ltr' id='par_1_3' title="bbox 129 2842 856 3216">
     <span class='ocr_line' id='line_1_28' title="bbox 136 2842 850 2935; baseline 0.007 -19"><span class='ocrx_word' id='word_1_178' title='bbox 136 2871 174 2930; x_wconf 79' lang='grc' dir='ltr'><strong>(ι)</strong></span> <span class='ocrx_word' id='word_1_179' title='bbox 192 2864 252 2923; x_wconf 81' lang='lat' dir='ltr'><strong>Lib.¹</strong></span> <span class='ocrx_word' id='word_1_180' title='bbox 262 2870 292 2928; x_wconf 80' lang='lat'><strong>6,</strong></span> <span class='ocrx_word' id='word_1_181' title='bbox 308 2880 340 2916; x_wconf 82' lang='lat' dir='ltr'><strong>ex</strong></span> <span class='ocrx_word' id='word_1_182' title='bbox 353 2881 427 2916; x_wconf 86' lang='lat' dir='ltr'><strong>num.</strong></span> <span class='ocrx_word' id='word_1_183' title='bbox 441 2867 483 2918; x_wconf 83' lang='grc'><strong>63.</strong></span> <span class='ocrx_word' id='word_1_184' title='bbox 584 2870 622 2935; x_wconf 85' lang='lat'><strong>(2)</strong></span> <span class='ocrx_word' id='word_1_185' title='bbox 639 2867 705 2925; x_wconf 85' lang='lat' dir='ltr'><strong>ibid.</strong></span> <span class='ocrx_word' id='word_1_186' title='bbox 716 2886 793 2929; x_wconf 84' lang='lat' dir='ltr'><strong>num.</strong></span> <span class='ocrx_word' id='word_1_187' title='bbox 804 2842 850 2931; x_wconf 68' lang='lat' dir='ltr'><strong>an</strong></span> 
     </span>
     <span class='ocr_line' id='line_1_29' title="bbox 137 2944 856 3027; baseline -0.004 -16"><span class='ocrx_word' id='word_1_188' title='bbox 137 2959 175 3022; x_wconf 88' lang='grc'><strong>(3)</strong></span> <span class='ocrx_word' id='word_1_189' title='bbox 193 2975 299 3027; x_wconf 80' lang='lat' dir='ltr'><strong>2.2,q.</strong></span> <span class='ocrx_word' id='word_1_190' title='bbox 315 2963 360 3024; x_wconf 81' lang='lat'><strong>189</strong></span> <span class='ocrx_word' id='word_1_191' title='bbox 374 2973 396 3009; x_wconf 84' lang='lat' dir='ltr'><strong>a.</strong></span> <span class='ocrx_word' id='word_1_192' title='bbox 414 2957 505 3010; x_wconf 66' lang='lat' dir='ltr'><strong>radi.</strong></span> <span class='ocrx_word' id='word_1_193' title='bbox 853 2944 856 2951; x_wconf 20' lang='grc' dir='ltr'><strong><em>Δ</em></strong></span> 
     </span>
     <span class='ocr_line' id='line_1_30' title="bbox 137 3052 511 3120; baseline -0.003 -16"><span class='ocrx_word' id='word_1_194' title='bbox 137 3057 174 3117; x_wconf 71' lang='lat' dir='ltr'><strong>(t)</strong></span> <span class='ocrx_word' id='word_1_195' title='bbox 192 3053 283 3120; x_wconf 86' lang='lat' dir='ltr'><strong>Suppi.</strong></span> <span class='ocrx_word' id='word_1_196' title='bbox 294 3069 320 3120; x_wconf 90' lang='lat' dir='ltr'><strong>q.</strong></span> <span class='ocrx_word' id='word_1_197' title='bbox 331 3053 364 3106; x_wconf 76' lang='lat'><strong>35</strong></span> <span class='ocrx_word' id='word_1_198' title='bbox 377 3069 397 3103; x_wconf 86' lang='lat' dir='ltr'><strong>a.</strong></span> <span class='ocrx_word' id='word_1_199' title='bbox 415 3069 424 3101; x_wconf 90' lang='lat'>1</span> <span class='ocrx_word' id='word_1_200' title='bbox 440 3053 472 3105; x_wconf 86' lang='lat' dir='ltr'><strong>ad</strong></span> <span class='ocrx_word' id='word_1_201' title='bbox 485 3052 511 3108; x_wconf 87' lang='grc'><strong>3.</strong></span> 
     </span>
     <span class='ocr_line' id='line_1_31' title="bbox 129 3147 438 3216; baseline 0.013 -21"><span class='ocrx_word' id='word_1_202' title='bbox 129 3147 168 3211; x_wconf 80' lang='lat'><strong>(⁵)</strong></span> <span class='ocrx_word' id='word_1_203' title='bbox 187 3162 211 3196; x_wconf 87' lang='lat'><strong>2.</strong></span> <span class='ocrx_word' id='word_1_204' title='bbox 222 3166 255 3210; x_wconf 68' lang='lat'><strong>2.</strong></span> <span class='ocrx_word' id='word_1_205' title='bbox 274 3161 300 3216; x_wconf 86' lang='lat' dir='ltr'><strong>q.</strong></span> <span class='ocrx_word' id='word_1_206' title='bbox 315 3149 362 3212; x_wconf 80' lang='lat'><strong>184</strong></span> <span class='ocrx_word' id='word_1_207' title='bbox 375 3160 399 3200; x_wconf 79' lang='lat' dir='ltr'><strong>a</strong></span> <span class='ocrx_word' id='word_1_208' title='bbox 411 3151 438 3202; x_wconf 79' lang='lat'><strong>8.</strong></span> 
     </span>
    </p>
   </div>
   <div class='ocr_carea' id='block_1_4' title="bbox 0 0 982 3608">
    <p class='ocr_par' dir='ltr' id='par_1_4' title="bbox 0 0 982 3608">
     <span class='ocr_line' id='line_1_32' title="bbox 0 0 982 3608; baseline 0 1"><span class='ocrx_word' id='word_1_209' title='bbox 0 0 982 3608; x_wconf 95' lang='lat' dir='ltr'><strong> </strong></span> 
     </span>
    </p>
   </div>
  </div>
 </body>
</html>
