<?xml version="1.0" encoding="UTF-8"?>
<!DOCTYPE html PUBLIC "-//W3C//DTD XHTML 1.0 Transitional//EN"
    "http://www.w3.org/TR/xhtml1/DTD/xhtml1-transitional.dtd">
<html xmlns="http://www.w3.org/1999/xhtml" xml:lang="en" lang="en">
 <head>
  <title>
</title>
<meta http-equiv="Content-Type" content="text/html;charset=utf-8" />
  <meta name='ocr-system' content='tesseract 3.04.00' />
  <meta name='ocr-capabilities' content='ocr_page ocr_carea ocr_par ocr_line ocrx_word'/>
</head>
<body>
  <div class='ocr_page' id='page_1' title='image "./praxiaconfessar00ligugoog/praxiaconfessar00ligugoog_0260.png"; bbox 0 0 1956 3608; ppageno 0'>
   <div class='ocr_carea' id='block_1_1' title="bbox 194 228 867 301">
    <p class='ocr_par' dir='ltr' id='par_1_1' title="bbox 194 228 867 301">
     <span class='ocr_line' id='line_1_1' title="bbox 194 228 867 301; baseline 0.018 -16"><span class='ocrx_word' id='word_1_1' title='bbox 194 228 220 301; x_wconf 80' lang='lat'>§.</span> <span class='ocrx_word' id='word_1_2' title='bbox 233 244 278 287; x_wconf 80' lang='grc' dir='ltr'><strong>ιιι.</strong></span> <span class='ocrx_word' id='word_1_3' title='bbox 290 244 395 288; x_wconf 78' lang='lat' dir='ltr'>nnnvrs</span> <span class='ocrx_word' id='word_1_4' title='bbox 408 240 767 290; x_wconf 63' lang='lat' dir='ltr'>murmurmurmur.</span> <span class='ocrx_word' id='word_1_5' title='bbox 810 234 867 299; x_wconf 68' lang='lat'>²53</span> 
     </span>
    </p>
   </div>
   <div class='ocr_carea' id='block_1_2' title="bbox 84 337 957 2386">
    <p class='ocr_par' dir='ltr' id='par_1_2' title="bbox 99 337 873 600">
     <span class='ocr_line' id='line_1_2' title="bbox 99 337 873 407; baseline 0.005 -10"><span class='ocrx_word' id='word_1_6' title='bbox 99 340 193 397; x_wconf 87' lang='lat' dir='ltr'>statim</span> <span class='ocrx_word' id='word_1_7' title='bbox 215 337 251 397; x_wconf 94' lang='lat' dir='ltr'>ad</span> <span class='ocrx_word' id='word_1_8' title='bbox 271 340 392 397; x_wconf 81' lang='lat' dir='ltr'>actiones</span> <span class='ocrx_word' id='word_1_9' title='bbox 412 348 562 407; x_wconf 83' lang='lat' dir='ltr'>externas,</span> <span class='ocrx_word' id='word_1_10' title='bbox 582 349 611 398; x_wconf 91' lang='lat' dir='ltr'>et</span> <span class='ocrx_word' id='word_1_11' title='bbox 628 339 663 399; x_wconf 93' lang='lat' dir='ltr'>ad</span> <span class='ocrx_word' id='word_1_12' title='bbox 680 341 794 401; x_wconf 89' lang='lat' dir='ltr'>inutiles</span> <span class='ocrx_word' id='word_1_13' title='bbox 810 361 873 401; x_wconf 88' lang='lat' dir='ltr'>ser·</span> 
     </span>
     <span class='ocr_line' id='line_1_3' title="bbox 99 427 872 503; baseline 0.006 -15"><span class='ocrx_word' id='word_1_14' title='bbox 99 448 198 488; x_wconf 91' lang='lat' dir='ltr'>mones</span> <span class='ocrx_word' id='word_1_15' title='bbox 221 427 361 503; x_wconf 81' lang='lat' dir='ltr'>divertet,</span> <span class='ocrx_word' id='word_1_16' title='bbox 385 429 459 488; x_wconf 91' lang='lat' dir='ltr'>illico</span> <span class='ocrx_word' id='word_1_17' title='bbox 480 430 572 489; x_wconf 85' lang='lat' dir='ltr'>fervor</span> <span class='ocrx_word' id='word_1_18' title='bbox 590 430 637 491; x_wconf 92' lang='lat' dir='ltr'>ille</span> <span class='ocrx_word' id='word_1_19' title='bbox 659 431 819 492; x_wconf 86' lang='lat' dir='ltr'>devotionis</span> <span class='ocrx_word' id='word_1_20' title='bbox 841 438 872 493; x_wconf 90' lang='lat' dir='ltr'>in</span> 
     </span>
     <span class='ocr_line' id='line_1_4' title="bbox 100 522 870 600; baseline 0.004 -20"><span class='ocrx_word' id='word_1_21' title='bbox 100 522 225 580; x_wconf 87' lang='lat' dir='ltr'>oratione</span> <span class='ocrx_word' id='word_1_22' title='bbox 238 530 410 600; x_wconf 89' lang='lat' dir='ltr'>conceptus,</span> <span class='ocrx_word' id='word_1_23' title='bbox 425 530 564 598; x_wconf 73' lang='lat' dir='ltr'><strong>tepescet,</strong></span> <span class='ocrx_word' id='word_1_24' title='bbox 580 533 608 578; x_wconf 88' lang='lat' dir='ltr'>et</span> <span class='ocrx_word' id='word_1_25' title='bbox 619 526 712 583; x_wconf 89' lang='lat' dir='ltr'>irritus</span> <span class='ocrx_word' id='word_1_26' title='bbox 728 523 870 585; x_wconf 85' lang='lat' dir='ltr'>reddetur.</span> 
     </span>
    </p>

    <p class='ocr_par' dir='ltr' id='par_1_3' title="bbox 84 612 957 2386">
     <span class='ocr_line' id='line_1_5' title="bbox 137 612 873 694; baseline 0.008 -20"><span class='ocrx_word' id='word_1_27' title='bbox 137 616 206 676; x_wconf 83' lang='lat'><strong>226.</strong></span> <span class='ocrx_word' id='word_1_28' title='bbox 222 616 281 675; x_wconf 79' lang='lat' dir='ltr'>Prae</span> <span class='ocrx_word' id='word_1_29' title='bbox 292 616 399 675; x_wconf 77' lang='lat' dir='ltr'>caeteris</span> <span class='ocrx_word' id='word_1_30' title='bbox 410 612 534 694; x_wconf 91' lang='lat' dir='ltr'>denique</span> <span class='ocrx_word' id='word_1_31' title='bbox 546 615 672 676; x_wconf 85' lang='lat' dir='ltr'>Director</span> <span class='ocrx_word' id='word_1_32' title='bbox 682 638 766 679; x_wconf 88' lang='lat' dir='ltr'>suum</span> <span class='ocrx_word' id='word_1_33' title='bbox 775 619 873 679; x_wconf 76' lang='lat' dir='ltr'>Pent-</span> 
     </span>
     <span class='ocr_line' id='line_1_6' title="bbox 99 706 871 790; baseline 0.006 -22"><span class='ocrx_word' id='word_1_34' title='bbox 99 706 871 790; x_wconf 85' lang='lat' dir='ltr'>tentemseduloadmoneat,neorationemintermittat,</span> 
     </span>
     <span class='ocr_line' id='line_1_7' title="bbox 99 798 873 881; baseline 0.006 -23"><span class='ocrx_word' id='word_1_35' title='bbox 99 818 193 880; x_wconf 85' lang='lat' dir='ltr'>neque</span> <span class='ocrx_word' id='word_1_36' title='bbox 202 802 239 860; x_wconf 88' lang='lat' dir='ltr'>ab</span> <span class='ocrx_word' id='word_1_37' title='bbox 248 801 294 860; x_wconf 90' lang='lat' dir='ltr'>illa</span> <span class='ocrx_word' id='word_1_38' title='bbox 305 798 415 878; x_wconf 81' lang='lat' dir='ltr'>aliquid</span> <span class='ocrx_word' id='word_1_39' title='bbox 425 803 560 877; x_wconf 86' lang='lat' dir='ltr'>temporis</span> <span class='ocrx_word' id='word_1_40' title='bbox 572 798 721 869; x_wconf 88' lang='lat' dir='ltr'>detrabat,</span> <span class='ocrx_word' id='word_1_41' title='bbox 734 806 873 881; x_wconf 83' lang='lat' dir='ltr'>praecipue</span> 
     </span>
     <span class='ocr_line' id='line_1_8' title="bbox 98 892 875 972; baseline 0.005 -20"><span class='ocrx_word' id='word_1_42' title='bbox 98 895 127 952; x_wconf 87' lang='lat' dir='ltr'>in</span> <span class='ocrx_word' id='word_1_43' title='bbox 141 892 281 953; x_wconf 89' lang='lat' dir='ltr'>ariditatis</span> <span class='ocrx_word' id='word_1_44' title='bbox 293 904 418 971; x_wconf 91' lang='lat' dir='ltr'>tempore</span> <span class='ocrx_word' id='word_1_45' title='bbox 428 914 436 960; x_wconf 74' lang='lat'>3</span> <span class='ocrx_word' id='word_1_46' title='bbox 445 902 473 952; x_wconf 94' lang='lat' dir='ltr'>et</span> <span class='ocrx_word' id='word_1_47' title='bbox 485 912 636 972; x_wconf 85' lang='lat' dir='ltr'>nunquam</span> <span class='ocrx_word' id='word_1_48' title='bbox 650 895 797 970; x_wconf 76' lang='lat' dir='ltr'>turbetur,</span> <span class='ocrx_word' id='word_1_49' title='bbox 813 895 875 957; x_wconf 88' lang='lat' dir='ltr'>licet</span> 
     </span>
     <span class='ocr_line' id='line_1_9' title="bbox 98 987 876 1064; baseline 0.005 -16"><span class='ocrx_word' id='word_1_50' title='bbox 98 990 184 1048; x_wconf 89' lang='lat' dir='ltr'>nimis</span> <span class='ocrx_word' id='word_1_51' title='bbox 207 998 235 1048; x_wconf 92' lang='lat' dir='ltr'>et</span> <span class='ocrx_word' id='word_1_52' title='bbox 260 987 309 1047; x_wconf 91' lang='lat' dir='ltr'>diu</span> <span class='ocrx_word' id='word_1_53' title='bbox 338 997 516 1064; x_wconf 81' lang='lat' dir='ltr'>cognosceret</span> <span class='ocrx_word' id='word_1_54' title='bbox 536 991 664 1047; x_wconf 87' lang='lat' dir='ltr'>animam</span> <span class='ocrx_word' id='word_1_55' title='bbox 692 991 722 1047; x_wconf 91' lang='lat' dir='ltr'>in</span> <span class='ocrx_word' id='word_1_56' title='bbox 745 989 876 1052; x_wconf 84' lang='lat' dir='ltr'>ariditate</span> 
     </span>
     <span class='ocr_line' id='line_1_10' title="bbox 99 1081 874 1162; baseline 0.005 -20"><span class='ocrx_word' id='word_1_57' title='bbox 99 1085 242 1162; x_wconf 82' lang='lat' dir='ltr'>positam,</span> <span class='ocrx_word' id='word_1_58' title='bbox 270 1085 396 1142; x_wconf 82' lang='lat' dir='ltr'>ac&#39;omni</span> <span class='ocrx_word' id='word_1_59' title='bbox 412 1081 571 1141; x_wconf 90' lang='lat' dir='ltr'>devotionis</span> <span class='ocrx_word' id='word_1_60' title='bbox 588 1083 698 1143; x_wconf 84' lang='lat' dir='ltr'>fervore</span> <span class='ocrx_word' id='word_1_61' title='bbox 720 1095 874 1146; x_wconf 86' lang='lat' dir='ltr'>carentem.</span> 
     </span>
     <span class='ocr_line' id='line_1_11' title="bbox 100 1173 876 1251; baseline 0.008 -19"><span class='ocrx_word' id='word_1_62' title='bbox 100 1175 180 1251; x_wconf 89' lang='lat' dir='ltr'>Quot</span> <span class='ocrx_word' id='word_1_63' title='bbox 194 1173 297 1241; x_wconf 89' lang='lat' dir='ltr'>aulici,</span> <span class='ocrx_word' id='word_1_64' title='bbox 314 1176 407 1232; x_wconf 84' lang='lat' dir='ltr'>aiebat</span> <span class='ocrx_word' id='word_1_65' title='bbox 421 1174 452 1231; x_wconf 89' lang='lat' dir='ltr'>S.</span> <span class='ocrx_word' id='word_1_66' title='bbox 463 1175 629 1232; x_wconf 85' lang='lat' dir='ltr'>Franciscus</span> <span class='ocrx_word' id='word_1_67' title='bbox 641 1174 788 1248; x_wconf 76' lang='lat' dir='ltr'>salesius,</span> <span class='ocrx_word' id='word_1_68' title='bbox 805 1189 876 1238; x_wconf 91' lang='lat' dir='ltr'>eunt</span> 
     </span>
     <span class='ocr_line' id='line_1_12' title="bbox 100 1264 876 1343; baseline 0.003 -17"><span class='ocrx_word' id='word_1_69' title='bbox 100 1287 184 1326; x_wconf 88' lang='lat' dir='ltr'>suum</span> <span class='ocrx_word' id='word_1_70' title='bbox 202 1267 355 1343; x_wconf 86' lang='lat' dir='ltr'>principem</span> <span class='ocrx_word' id='word_1_71' title='bbox 365 1264 558 1336; x_wconf 87' lang='lat' dir='ltr'>honoratum,</span> <span class='ocrx_word' id='word_1_72' title='bbox 576 1273 604 1322; x_wconf 91' lang='lat' dir='ltr'>et</span> <span class='ocrx_word' id='word_1_73' title='bbox 617 1268 741 1325; x_wconf 89' lang='lat' dir='ltr'>contenti</span> <span class='ocrx_word' id='word_1_74' title='bbox 753 1277 837 1340; x_wconf 90' lang='lat' dir='ltr'>sunt,</span> <span class='ocrx_word' id='word_1_75' title='bbox 851 1272 876 1328; x_wconf 89' lang='lat' dir='ltr'>si</span> 
     </span>
     <span class='ocr_line' id='line_1_13' title="bbox 101 1357 877 1436; baseline 0.005 -18"><span class='ocrx_word' id='word_1_76' title='bbox 101 1360 242 1418; x_wconf 85' lang='lat' dir='ltr'>duntaxat</span> <span class='ocrx_word' id='word_1_77' title='bbox 258 1358 342 1416; x_wconf 89' lang='lat' dir='ltr'>abeo</span> <span class='ocrx_word' id='word_1_78' title='bbox 360 1360 465 1436; x_wconf 83' lang='lat' dir='ltr'>aspecti</span> <span class='ocrx_word' id='word_1_79' title='bbox 481 1359 571 1417; x_wconf 84' lang='lat' dir='ltr'>sunt!</span> <span class='ocrx_word' id='word_1_80' title='bbox 593 1357 639 1417; x_wconf 81' lang='lat' dir='ltr'>Ad</span> <span class='ocrx_word' id='word_1_81' title='bbox 654 1361 809 1420; x_wconf 92' lang='lat' dir='ltr'>orationem</span> <span class='ocrx_word' id='word_1_82' title='bbox 824 1382 877 1423; x_wconf 86' lang='lat' dir='ltr'>nos</span> 
     </span>
     <span class='ocr_line' id='line_1_14' title="bbox 101 1455 877 1535; baseline 0.006 -21"><span class='ocrx_word' id='word_1_83' title='bbox 101 1456 264 1534; x_wconf 81' lang='lat' dir='ltr'>pergimus,</span> <span class='ocrx_word' id='word_1_84' title='bbox 284 1462 315 1512; x_wconf 93' lang='lat' dir='ltr'>ut</span> <span class='ocrx_word' id='word_1_85' title='bbox 329 1455 499 1531; x_wconf 88' lang='lat' dir='ltr'>obsequium</span> <span class='ocrx_word' id='word_1_86' title='bbox 515 1465 680 1535; x_wconf 67' lang='lat' dir='ltr'>praestemus</span> <span class='ocrx_word' id='word_1_87' title='bbox 693 1457 755 1516; x_wconf 86' lang='lat' dir='ltr'>Deo</span> <span class='ocrx_word' id='word_1_88' title='bbox 769 1499 778 1532; x_wconf 93' lang='lat'>,</span> <span class='ocrx_word' id='word_1_89' title='bbox 807 1468 836 1518; x_wconf 90' lang='lat' dir='ltr'>et</span> <span class='ocrx_word' id='word_1_90' title='bbox 850 1461 877 1519; x_wconf 84' lang='lat' dir='ltr'>ei</span> 
     </span>
     <span class='ocr_line' id='line_1_15' title="bbox 103 1547 957 1629; baseline 0.006 -19"><span class='ocrx_word' id='word_1_91' title='bbox 103 1547 350 1610; x_wconf 82' lang='lat' dir='ltr'>obsecundemus:</span> <span class='ocrx_word' id='word_1_92' title='bbox 365 1550 389 1603; x_wconf 88' lang='lat' dir='ltr'>si</span> <span class='ocrx_word' id='word_1_93' title='bbox 400 1548 453 1624; x_wconf 88' lang='lat' dir='ltr'>ipsi</span> <span class='ocrx_word' id='word_1_94' title='bbox 470 1547 548 1607; x_wconf 89' lang='lat' dir='ltr'>lubet</span> <span class='ocrx_word' id='word_1_95' title='bbox 562 1570 614 1610; x_wconf 90' lang='lat' dir='ltr'>nos</span> <span class='ocrx_word' id='word_1_96' title='bbox 625 1550 754 1629; x_wconf 90' lang='lat' dir='ltr'>alloqui,</span> <span class='ocrx_word' id='word_1_97' title='bbox 774 1563 801 1613; x_wconf 91' lang='lat' dir='ltr'>et</span> <span class='ocrx_word' id='word_1_98' title='bbox 818 1557 877 1614; x_wconf 89' lang='lat' dir='ltr'>suis</span> <span class='ocrx_word' id='word_1_99' title='bbox 951 1588 957 1599; x_wconf 54' lang='lat' dir='ltr'>e</span> 
     </span>
     <span class='ocr_line' id='line_1_16' title="bbox 102 1638 877 1719; baseline -0.001 -13"><span class='ocrx_word' id='word_1_100' title='bbox 102 1641 343 1707; x_wconf 85' lang='lat' dir='ltr'>consolationibus</span> <span class='ocrx_word' id='word_1_101' title='bbox 362 1641 445 1698; x_wconf 88' lang='lat' dir='ltr'>nobis</span> <span class='ocrx_word' id='word_1_102' title='bbox 465 1638 582 1713; x_wconf 84' lang='lat' dir='ltr'>lavere,</span> <span class='ocrx_word' id='word_1_103' title='bbox 603 1641 638 1701; x_wconf 88' lang='lat' dir='ltr'>de</span> <span class='ocrx_word' id='word_1_104' title='bbox 656 1653 733 1701; x_wconf 88' lang='lat' dir='ltr'>tanta</span> <span class='ocrx_word' id='word_1_105' title='bbox 749 1649 835 1719; x_wconf 79' lang='lat' dir='ltr'>gratia</span> <span class='ocrx_word' id='word_1_106' title='bbox 851 1649 877 1705; x_wconf 89' lang='lat' dir='ltr'>ei</span> 
     </span>
     <span class='ocr_line' id='line_1_17' title="bbox 103 1732 877 1817; baseline -0.001 -20"><span class='ocrx_word' id='word_1_107' title='bbox 103 1736 311 1817; x_wconf 81' lang='lat' dir='ltr'>rependamus3</span> <span class='ocrx_word' id='word_1_108' title='bbox 324 1736 368 1792; x_wconf 91' lang='lat' dir='ltr'>sin</span> <span class='ocrx_word' id='word_1_109' title='bbox 380 1737 494 1805; x_wconf 91' lang='lat' dir='ltr'>minus,</span> <span class='ocrx_word' id='word_1_110' title='bbox 508 1732 711 1795; x_wconf 88' lang='lat' dir='ltr'>sufficienserit</span> <span class='ocrx_word' id='word_1_111' title='bbox 726 1737 808 1794; x_wconf 89' lang='lat' dir='ltr'>nobis</span> <span class='ocrx_word' id='word_1_112' title='bbox 819 1757 877 1801; x_wconf 80' lang='lat' dir='ltr'>suae</span> 
     </span>
     <span class='ocr_line' id='line_1_18' title="bbox 104 1826 879 1908; baseline -0.001 -17"><span class='ocrx_word' id='word_1_113' title='bbox 104 1831 210 1891; x_wconf 85' lang='lat' dir='ltr'>divinae</span> <span class='ocrx_word' id='word_1_114' title='bbox 226 1831 381 1908; x_wconf 77' lang='lat' dir='ltr'>praesentiae</span> <span class='ocrx_word' id='word_1_115' title='bbox 393 1826 491 1887; x_wconf 88' lang='lat' dir='ltr'>adesse</span> <span class='ocrx_word' id='word_1_116' title='bbox 501 1847 582 1907; x_wconf 81' lang='lat' dir='ltr'>aequo</span> <span class='ocrx_word' id='word_1_117' title='bbox 593 1832 712 1899; x_wconf 89' lang='lat' dir='ltr'>animo,</span> <span class='ocrx_word' id='word_1_118' title='bbox 727 1849 793 1888; x_wconf 92' lang='lat' dir='ltr'>eum</span> <span class='ocrx_word' id='word_1_119' title='bbox 804 1829 879 1890; x_wconf 88' lang='lat' dir='ltr'>ado-</span> 
     </span>
     <span class='ocr_line' id='line_1_19' title="bbox 84 1921 878 2001; baseline -0.001 -15"><span class='ocrx_word' id='word_1_120' title='bbox 84 1986 87 1991; x_wconf 67' lang='lat'>,</span> <span class='ocrx_word' id='word_1_121' title='bbox 106 1925 216 1995; x_wconf 88' lang='lat' dir='ltr'>rando,</span> <span class='ocrx_word' id='word_1_122' title='bbox 232 1933 260 1982; x_wconf 91' lang='lat' dir='ltr'>et</span> <span class='ocrx_word' id='word_1_123' title='bbox 271 1933 380 1981; x_wconf 88' lang='lat' dir='ltr'>nostras</span> <span class='ocrx_word' id='word_1_124' title='bbox 395 1925 573 1982; x_wconf 86' lang='lat' dir='ltr'>necessitates</span> <span class='ocrx_word' id='word_1_125' title='bbox 580 1927 606 1983; x_wconf 90' lang='lat' dir='ltr'>ei</span> <span class='ocrx_word' id='word_1_126' title='bbox 618 1921 787 2001; x_wconf 87' lang='lat' dir='ltr'>exponendo</span> <span class='ocrx_word' id='word_1_127' title='bbox 797 1944 805 1992; x_wconf 75' lang='grc' dir='ltr'>ς</span> <span class='ocrx_word' id='word_1_128' title='bbox 816 1934 844 1984; x_wconf 87' lang='lat' dir='ltr'>et</span> <span class='ocrx_word' id='word_1_129' title='bbox 853 1927 878 1984; x_wconf 91' lang='lat' dir='ltr'>si</span> 
     </span>
     <span class='ocr_line' id='line_1_20' title="bbox 105 2018 878 2099; baseline -0.003 -17"><span class='ocrx_word' id='word_1_130' title='bbox 105 2031 175 2082; x_wconf 86' lang='lat' dir='ltr'>tunc</span> <span class='ocrx_word' id='word_1_131' title='bbox 192 2020 335 2076; x_wconf 85' lang='lat' dir='ltr'>Dominus</span> <span class='ocrx_word' id='word_1_132' title='bbox 360 2018 510 2076; x_wconf 86' lang='lat' dir='ltr'>nobiscum</span> <span class='ocrx_word' id='word_1_133' title='bbox 530 2037 587 2076; x_wconf 92' lang='lat' dir='ltr'>non</span> <span class='ocrx_word' id='word_1_134' title='bbox 604 2018 754 2095; x_wconf 87' lang='lat' dir='ltr'>loquetur,</span> <span class='ocrx_word' id='word_1_135' title='bbox 777 2023 878 2099; x_wconf 87' lang='lat' dir='ltr'>utique</span> 
     </span>
     <span class='ocr_line' id='line_1_21' title="bbox 106 2113 878 2193; baseline -0.005 -17"><span class='ocrx_word' id='word_1_136' title='bbox 106 2115 263 2193; x_wconf 86' lang='lat' dir='ltr'>acceptabit</span> <span class='ocrx_word' id='word_1_137' title='bbox 275 2122 399 2172; x_wconf 87' lang='lat' dir='ltr'>nostram</span> <span class='ocrx_word' id='word_1_138' title='bbox 412 2115 612 2186; x_wconf 86' lang='lat' dir='ltr'>attentionem,</span> <span class='ocrx_word' id='word_1_139' title='bbox 628 2123 655 2171; x_wconf 94' lang='lat' dir='ltr'>et</span> <span class='ocrx_word' id='word_1_140' title='bbox 666 2123 790 2172; x_wconf 89' lang='lat' dir='ltr'>nostram</span> <span class='ocrx_word' id='word_1_141' title='bbox 802 2113 878 2172; x_wconf 86' lang='lat' dir='ltr'>fide·</span> 
     </span>
     <span class='ocr_line' id='line_1_22' title="bbox 107 2207 880 2285; baseline 0 -16"><span class='ocrx_word' id='word_1_142' title='bbox 107 2209 241 2281; x_wconf 87' lang='lat' dir='ltr'>litatem,</span> <span class='ocrx_word' id='word_1_143' title='bbox 261 2217 288 2266; x_wconf 85' lang='lat' dir='ltr'>et</span> <span class='ocrx_word' id='word_1_144' title='bbox 308 2228 357 2284; x_wconf 89' lang='lat' dir='ltr'>pro</span> <span class='ocrx_word' id='word_1_145' title='bbox 376 2217 470 2268; x_wconf 91' lang='lat' dir='ltr'>nostra</span> <span class='ocrx_word' id='word_1_146' title='bbox 494 2211 525 2268; x_wconf 89' lang='lat' dir='ltr'>in</span> <span class='ocrx_word' id='word_1_147' title='bbox 539 2228 606 2269; x_wconf 90' lang='lat' dir='ltr'>eum</span> <span class='ocrx_word' id='word_1_148' title='bbox 625 2207 750 2285; x_wconf 87' lang='lat' dir='ltr'>fiducia,</span> <span class='ocrx_word' id='word_1_149' title='bbox 767 2219 880 2271; x_wconf 77' lang='lat' dir='ltr'>nostras</span> 
     </span>
     <span class='ocr_line' id='line_1_23' title="bbox 108 2298 415 2386; baseline -0.023 -21"><span class='ocrx_word' id='word_1_150' title='bbox 108 2308 255 2386; x_wconf 88' lang='lat' dir='ltr'>petitiones</span> <span class='ocrx_word' id='word_1_151' title='bbox 274 2298 415 2363; x_wconf 86' lang='lat' dir='ltr'>exaudiet.</span> 
     </span>
    </p>
   </div>
   <div class='ocr_carea' id='block_1_3' title="bbox 0 0 997 3608">
    <p class='ocr_par' dir='ltr' id='par_1_4' title="bbox 0 0 997 3608">
     <span class='ocr_line' id='line_1_24' title="bbox 0 0 997 3608; baseline 0 0"><span class='ocrx_word' id='word_1_152' title='bbox 0 0 997 3608; x_wconf 95' lang='lat' dir='ltr'> </span> 
     </span>
    </p>
   </div>
  </div>
 </body>
</html>
