1956 3608
202 229 230 304 §.
246 247 290 291 rr.
310 243 398 290 circe
412 248 526 290 runicis
542 247 702 290 orrrcrurr.
795 232 831 294 δι

68 336 206 417 relinquat
222 338 389 412 infirmum,
405 340 462 398 nisi
476 342 546 401 sciat
559 340 653 420 ipsum
669 338 756 398 luisse
768 355 838 399 oon·

68 432 190 492 fessum:
210 434 280 491 itero
306 429 457 494 mandavit
480 431 559 513 quod
582 451 682 493 omnes
705 430 835 508 medici,

67 536 219 605 antequam
239 524 360 606 grarlurn
376 525 547 588 =doctoratus
569 536 743 602 assumant,
766 525 837 588 dent

66 619 258 698 juramentum
277 620 448 682 observandi
465 621 519 682 hoc
543 631 731 702 pracceptum
747 619 836 703 idque

66 712 234 776 mandatum
249 724 292 774 est
305 716 439 775 omnibus
452 714 587 793 collegiis.
601 713 659 775 sed
670 713 790 776 dubium
802 715 836 776 fir

66 807 207 888 quomodo
217 806 385 885 hujusmodi
400 819 571 888 pracceptum
581 851 590 883 ‚
602 819 630 869 et
642 812 836 886 juramentum

65 898 269 977 intelligantur.
296 897 396 958 Plures
422 899 489 958 DD.
514 908 667 960 tenuerunt
684 920 717 960 ea
740 919 839 978 proce·

65 992 150 1066 dere,
169 1012 235 1055 curn
253 991 403 1053 infirmitas
420 1003 463 1054 est
481 992 654 1074 periculosa3
672 993 717 1055 vel
735 993 836 1056 saltem

64 1108 126 1148 corn
148 1084 294 1146 dubitator
307 1105 345 1146 an
358 1089 394 1147 sit
408 1084 561 1170 periculosa
574 1109 582 1158 ;
600 1090 668 1148 etin
683 1088 737 1150 hoc
749 1107 836 1151 sensu

65 1181 197 1243 dixerunt
224 1181 332 1242 bullam
357 1182 388 1244 S.
411 1183 454 1241 Pii
480 1192 620 1263 receptam
646 1181 743 1242 luisse.
776 1182 835 1248 Serl

63 1278 242 1338 communior
264 1280 403 1337 sententia
417 1275 480 1336 vult
497 1275 575 1356 quod
590 1276 738 1357 praelatum
760 1297 836 1358 prae·

64 1382 203 1452 ceptum,
236 1372 370 1452 quamvis
398 1389 456 1431 non
481 1369 585 1449 obliget
608 1374 638 1431 in
663 1390 835 1452 quocunque

64 1468 163 1528 morbo
177 1466 251 1542 levi,
278 1476 374 1527 tamen
399 1486 459 1526 non
483 1465 699 1544 intelligendum
721 1476 834 1527 tanturn

63 1580 161 1640 urgere
174 1563 204 1621 in
218 1563 325 1622 morbis
334 1560 480 1622 actualiter
490 1561 671 1640 periculosis,
685 1561 832 1623 sedetiam

63 1656 159 1716 inillis
173 1659 222 1737 qui
238 1655 392 1736 prudenter
408 1654 573 1732 iudicantur
592 1673 672 1734 posse
692 1658 722 1714 in
744 1667 835 1736 poste·

63 1767 125 1809 rurrr
144 1748 204 1808 lieri
225 1747 382 1828 periculosi.
405 1747 471 1808 Hoc
487 1756 583 1807 tamen
604 1747 835 1823 nonobstante,

62 1841 90 1901 in
105 1844 279 1902 contrarium
293 1851 335 1900 est
352 1843 445 1920 praxis
464 1839 661 1918 medicorum,
686 1843 772 1903 etiarn
793 1845 835 1905 ti-

63 1944 178 1996 moratae
193 1936 392 2008 conscientia,
417 1934 540 2012 quinon
555 1934 646 1994 solent
661 1954 776 1995 monere
789 1937 833 1995 in-

63 2028 160 2089 firmos
173 2027 209 2088 ael
223 2024 419 2089 confitendum
431 2071 440 2101 ‚
455 2028 510 2086 nisi
523 2046 590 2086 curu
604 2027 756 2088 infirmitas
772 2049 834 2108 pro-

62 2120 194 2183 b'abiliter
207 2124 266 2199 jarn
280 2121 434 2202 periculosa
445 2119 543 2182 effecta
555 2131 607 2182 est.
622 2121 724 2202 Neque
737 2124 767 2181 in
782 2121 835 2184 hoc

61 2226 164 2297 putant
178 2234 291 2296 peccare
303 2211 441 2276 adversus
459 2215 653 2293 juramentum
675 2218 833 2298 praestitum

61 2313 142 2388 juxta
159 2302 277 2369 ‘bullam
298 2309 331 2369 S.
353 2309 418 2385 Pii,
446 2312 538 2370 innixi
560 2310 686 2373 doctrina
708 2312 833 2392 plurium

43 2414 209 2467 'auctorum
233 2407 278 2476 (ι)
302 2405 483 2464 sentientium
498 2403 576 2483 quoti
592 2406 741 2483 prosatum
755 2410 835 2482 jora-

61 2506 193 2559 mentum
207 2516 268 2556 non
289 2495 418 2574 obliget,
438 2499 494 2557 nisi
520 2517 570 2576 pro
594 2496 640 2556 illa
661 2508 764 2578 parte,
784 2519 834 2578 pro

60 2610 118 2671 que
141 2611 156 2650 a
183 2588 388 2650 consuetudine
410 2600 579 2670 praeceptum
601 2600 655 2651 est.
690 2592 833 2655 Caeterurn
863 2614 864 2618 ’
895 2637 899 2643 -

60 2704 123 2746 non
140 2681 332 2745 dubitandum
360 2688 430 2763 quin
457 2686 612 2747 mortaliter
633 2698 750 2767 peccent
776 2689 833 2750 sal·

62 2789 120 2841 tem
136 2777 314 2855 medietati,
339 2782 389 2858 qni
413 2784 549 2844 omittunt
569 2802 683 2843 monere
704 2784 834 2843 infirmos
892 2831 895 2837 a

60 2871 299 2947 decentessime,
314 2893 378 2933 curu
391 2873 658 2952 infirmitasestjarn
667 2875 832 2954 periculosa.

61 2954 110 3031 '011
124 2966 132 3027 l
149 2986 238 3047 quarn
253 2970 389 3030 rniserurn
403 2977 446 3027 est
456 2967 554 3030 videre
568 2978 610 3027 tot
629 2967 758 3027 infirmos
781 2972 834 3037 (et

96 3159 134 3221 (ι)
153 3151 264 3211 ibidem.
281 3171 306 3213 v.
317 3155 434 3221 Norant,
455 3150 525 3208 inlrn
536 3152 568 3207 erl
580 3155 704 3209 nortl.
816 3184 818 3189 ,

578 3241 735 3305 'nu
