1956 3614
204 215 231 290 §.
245 233 279 275 rr.
300 228 388 275 cruca
404 228 513 272 arnurcr
527 228 686 269 orrrcrosr.
813 226 830 288 7

61 325 184 387 verbum
199 322 392 404 impendant,
414 320 489 382 illico
511 318 679 394 dimittunt,
698 315 779 377 oculo
792 336 836 376 re·

62 429 137 480 torto
152 418 278 479 dicentes
296 440 303 477 ε
323 415 455 499 Discede
470 437 491 476 o
507 435 576 487 me,
590 412 665 491 quio
686 425 713 472 te
735 411 839 472 ubsol-

61 533 130 575 νοτε
148 534 212 574 non
229 533 368 590 possum.
390 509 481 570 Aliter
498 505 653 588 procedunt
667 507 736 566 boui
755 506 837 565 Con-

62 606 197 675 fessarii;
222 605 253 666 hi
284 606 363 664 enim
394 606 471 685 prius
498 605 669 678 investigare
699 600 840 680 incipiunt

62 700 156 761 morbi
173 701 310 777 originem
327 706 356 758 et
372 699 562 774 gravitatem,
586 692 786 774 interrogando
803 693 840 754 cle

60 791 200 874 peccandi
228 790 461 866 consuetudine,
495 789 532 850 cle
562 791 776 865 occasionibus,
803 787 840 848 cle

63 897 211 966 tempore,
226 885 263 944 de
280 884 365 957 loco,
375 882 410 943 de
425 884 551 962 personis
561 902 626 944 cum
643 885 767 962 quibus,
781 902 840 961 quo

62 999 162 1043 rerum
178 996 326 1038 concursu.
352 977 402 1038 Sic
415 979 492 1036 euim
511 976 613 1036 melius
627 969 761 1055 poterunt
776 975 842 1035 Pm-

61 1075 190 1135 rriteutes
207 1073 363 1151 corripere,
384 1072 431 1131 eos
451 1069 489 1130 ad
510 1071 720 1131 absolutionem
737 1069 841 1150 dispo·

61 1185 152 1240 nere,
166 1175 194 1226 et
208 1163 332 1225 remedia
345 1164 477 1224 salutaria
493 1165 658 1244 adjungere.

64 1302 68 1309 .
106 1276 136 1337 7.
157 1258 210 1317 llis
226 1257 493 1334 interrogationibus
507 1255 664 1339 adhibitis,
687 1264 715 1316 et
727 1255 838 1334 cognita

64 1356 158 1417 morbi
185 1357 291 1431 origine
315 1373 348 1415 ac
375 1357 532 1431 gravitate,
554 1353 751 1414 Confessarius
772 1375 842 1434 pro-

62 1447 147 1513 cedat
160 1447 200 1509 ad
214 1449 326 1516 debitas
340 1447 603 1508 animadversiones
619 1447 773 1510 faciendas.
804 1450 842 1508 Et

62 1546 201 1624 quamvis
224 1545 284 1622 ipsc
301 1552 439 1622 tanquam
454 1542 538 1603 Pater
558 1542 660 1607 debeat
672 1527 747 1604 ‘curn
768 1545 842 1604 cari-

64 1647 126 1698 tate
138 1637 311 1698 Poenitentes
325 1636 502 1712 auscultare,
516 1646 612 1698 tamen
624 1680 633 1710 ,
645 1648 678 1696 ut
692 1637 842 1711 Medicus,

63 1741 185 1792 tenetur
195 1736 356 1811 (quantum
370 1751 440 1812 opus
454 1738 517 1803 est)
529 1751 577 1791 eos
589 1750 705 1813 mouere
714 1741 743 1792 et
756 1733 843 1792 corri-

64 1835 150 1900 gerc,
167 1843 215 1884 eos
231 1826 383 1904 praesertim
401 1826 452 1904 qni
476 1823 574 1885 multis
592 1823 760 1885 mortalibus
775 1842 842 1903 gra-

67 1920 147 1991 vati,
159 1915 196 1978 acl
209 1917 388 1978 Poenitentiae
399 1927 609 1979 sacramentum
622 1939 685 1978 raro
693 1916 842 1980 accedunt.

66 2012 105 2071 Et
118 2011 172 2071 lroc
186 2031 293 2071 mouns
308 2015 395 2073 etiarn
410 2010 567 2091 adimplere
581 2010 686 2086 debet,
709 2015 731 2071 si
747 2013 844 2073 Poeni-

68 2113 132 2163 tens
147 2103 242 2184 aliqua
258 2104 359 2164 illustri
373 2105 511 2185 qualitate
523 2104 649 2184 fulgeat,
669 2106 806 2164 nimirum
820 2106 844 2165 si

67 2199 153 2259 fuerit
170 2200 380 2276 Magistratus,
405 2194 556 2280 Princeps,
571 2198 730 2277 Sacerdos,
756 2197 844 2262 Puro-
862 2196 869 2210 ‘

66 2292 160 2366 chus,
182 2301 232 2352 aut
251 2292 405 2369 Braelatrrs,
432 2296 455 2353 si
479 2293 515 2354 de.
534 2294 628 2376 aliqua
651 2297 695 2354 sui
717 2299 844 2356 muneris

67 2387 223 2447 omissione
242 2388 304 2445 sine
324 2388 415 2446 nimio
433 2389 522 2447 animi
541 2408 625 2448 sensu
641 2407 671 2447 se
688 2400 843 2449 accusaret.

66 2481 118 2540 Ait
135 2489 231 2539 noster
250 2499 370 2556 regnans
383 2481 515 2542 Pontifex
523 2481 699 2542 'benedictus
709 2482 785 2544 XIV
797 2488 809 2552 (
817 2491 842 2558 r)

68 2573 243 2635 confessarii
265 2572 474 2636 admonitiones
493 2579 677 2638 concionibus
693 2581 762 2658 ipsis
781 2599 844 2641 esse

68 2665 259 2744 efficaciores,
279 2678 307 2727 et
320 2666 382 2746 jure
397 2673 498 2731 merito
512 2692 520 2743 ς
535 2675 601 2752 quia
617 2679 842 2737 concionatorem

67 2762 392 2826 latentcircomstantiae
411 2765 620 2845 particulares,
644 2789 708 2848 quae
723 2769 845 2830 Confes-

68 2859 146 2935 sario
164 2867 260 2939 aperte
279 2860 483 2920 innotescunt:
503 2859 623 2940 ideoque
638 2862 729 2922 multo
743 2863 847 2925 melino

67 2952 174 3033 poterit
187 2949 295 3014 debitas
309 2952 444 3016 adhibere
457 2955 739 3034 animadversiones,
761 2967 789 3020 et
802 2978 844 3020 rc·

103 3128 143 3190 (t)
159 3120 257 3189 Baua.
277 3123 443 3194 Apostolos,
461 3124 485 3195 ᾗ.
504 3144 542 3182 ra.

658 3213 727 3287 As
