1956 3608
65 39 141 121 W

198 233 228 306 §.
241 251 274 292 u.
289 250 328 291 na
339 247 492 291 oracione
504 244 699 308 eorunm„
712 245 766 295 etc.
814 238 868 315 stip

99 342 190 400 instar
209 339 348 418 fulgoris,
377 338 426 399 sed
450 351 576 401 remanet
598 339 667 400 inde
688 340 873 402 immobiliter

98 434 189 492 menti
204 432 303 494 infixa.
319 436 349 494 5.
365 434 442 493 Vera
460 435 532 492 visio
546 434 679 514 relinquit
696 437 825 495 animam
840 437 870 494 in

99 546 212 587 summa
233 547 300 608 paoe
317 536 346 587 et
365 524 463 587 vivida
485 528 642 602 cognitione
660 532 779 589 miseriae
794 548 872 603 suas,

99 640 157 681 nou
172 622 233 681 sine
245 623 353 697 ingenti
372 618 512 678 desiderio
529 619 722 697 perfectionis3
736 622 773 683 ad
790 621 871 683 diffe-

98 715 220 774 rentiam
250 716 395 773 visionum
425 711 652 786 diabolicarum,
679 732 743 795 qua
769 736 869 792 parum

99 817 249 868 remanent
262 810 428 885 impressa,
451 814 479 864 et
500 804 667 883 relinquunt
690 807 817 865 animam
840 810 871 865 in

98 896 224 978 quadam
233 899 376 969 siccitate,
386 897 611 975 perturbatione,
623 897 746 955 motibus
755 899 873 975 propriae

97 991 316 1063 estimationis,
326 998 428 1050 etcum
440 989 516 1050 lame
527 989 651 1049 sensibili
660 992 762 1049 harum
775 992 874 1067 gratia·

98 1104 175 1145 rum.
191 1083 299 1143 Verum
310 1103 376 1144 cum
386 1084 520 1144 omnibus
531 1086 758 1164 signissuperius
766 1102 873 1144 memo·

98 1180 188 1252 ratis,
217 1178 313 1257 inquit
340 1177 372 1237 S.
398 1176 536 1239 Theresia
567 1184 614 1248 (1)
634 1177 744 1237 nullam
767 1186 872 1236 certam

97 1273 205 1335 habere
214 1290 296 1351 posse
306 1273 502 1345 securitatem,
515 1274 652 1351 quoniam
664 1271 806 1331 multoties
817 1269 873 1331 dae·

98 1386 168 1428 mun
183 1366 237 1425 scit
250 1364 385 1425 simulare
397 1368 521 1445 quietem
533 1407 543 1440 ,
556 1368 737 1444 cogitationes
750 1364 873 1425 humili-

99 1458 183 1533 tatis,
192 1452 330 1515 desideria
345 1454 540 1535 perfectionis;
551 1476 615 1537 quae
626 1459 721 1518 omnia
732 1458 872 1517 incertum

99 1560 141 1612 est
154 1570 171 1609 a
186 1568 245 1631 quo
258 1546 412 1628 procedant
427 1570 434 1606 ι
450 1553 586 1627 quoniam
602 1569 675 1628 saepe
685 1552 745 1629 ipse
759 1549 870 1611 daemon

99 1653 131 1704 ut
142 1645 168 1703 ei
177 1641 249 1702 fides
258 1650 423 1722 prestetur,
437 1641 508 1701 solet
518 1641 579 1701 lires
590 1643 752 1716 insinuare,
765 1652 798 1702 ut
809 1653 875 1703 ten-

100 1735 165 1797 dem
174 1734 257 1795 illum
267 1736 402 1815 percipiat
412 1732 559 1808 fructum,
577 1742 605 1792 et
616 1732 793 1814 deceptiones
802 1754 873 1813 quas

99 1827 234 1893 intendit.
260 1826 346 1888 Unde
363 1828 512 1904 Director,
533 1828 696 1908 regulariter
710 1827 873 1908 loquendo,
921 1839 926 1843 ’

100 1944 159 1984 nou
180 1921 329 2003 prohibeat
349 1924 453 1982 anime
474 1941 605 1983 enarrare
628 1923 681 1981 sibi
706 1922 872 2000 hujusmodi

100 2020 248 2092 visiones,
270 2018 329 2077 imo
343 2018 473 2096 imponat
492 2014 534 2074 illi
556 2026 588 2075 ut
606 2016 768 2075 manifestet
790 2037 874 2095 qoae-

97 2127 216 2189 vcunque
232 2098 312 2169 ridel
329 2109 390 2167 sive
407 2127 473 2167 vera
493 2127 529 2167 ea
552 2108 628 2183 sint,
653 2110 714 2165 sive
729 2104 821 2179 falsa,
842 2117 875 2165 ut

101 2199 184 2262 docel
201 2197 234 2260 S.
248 2198 388 2260 Theresia
409 2203 454 2273 (2)
471 2219 479 2270 3
501 2197 550 2258 sed
571 2218 587 2258 e
607 2199 747 2259 contrario
762 2196 872 2257 nullam

102 2289 432 2353 osteudatcoriositatem
441 2290 546 2350 sciendi
557 2288 721 2366 hujusmodi
734 2291 873 2364 visiones,
954 2352 961 2367 Ι

102 2402 198 2467 neque
225 2380 261 2442 de
280 2381 325 2441 liis
348 2384 460 2440 minute
480 2386 605 2441 animam
627 2385 801 2458 interroget,
820 2402 875 2441 uec

102 2476 260 2559 preveniat
269 2471 407 2534 dicendos
416 2473 559 2551 numfirit
569 2467 632 2532 siol
642 2474 672 2530 V
672 2471 875 2545 idistinelioo,

100 2569 148 2629 vrl
155 2565 234 2627 illud
246 2567 259 2627 l
270 2568 337 2644 quia
351 2574 418 2625 tuno
429 2562 512 2624 saeile
521 2564 617 2623 anima
630 2559 779 2641 respondet
791 2558 874 2621 affir-

103 2663 213 2722 mative
226 2667 276 2718 aut
288 2677 324 2718 err
337 2677 388 2718 sua
403 2657 532 2731 malitia,
553 2665 605 2723 aut
625 2654 809 2736 simplicitate
841 2654 873 2716 Si

103 2763 206 2834 aperte.
232 2753 344 2812 noverit
372 2748 537 2826 hujusmodi
562 2753 685 2811 visiones
711 2768 774 2819 esse
803 2769 889 2828 opus.

104 2845 263 2928 phantasia
285 2852 336 2904 aut
359 2840 556 2916 diabolicum,
588 2844 656 2920 quia
680 2840 751 2899 forte
778 2848 876 2898 areeri-t

103 2941 234 3001 animam
251 2937 289 2995 ab
302 2934 482 3008 obedientia,
502 2933 684 3007 humilitate,
701 2941 751 2991 aut
769 2932 805 2989 ab
817 2929 873 2993 alia

104 3034 233 3102 virtute,
255 3039 323 3089 tune
346 3036 474 3107 patenter
497 3028 524 3091 ri
543 3024 597 3087 hoe
624 3022 708 3084 dicat.
746 3023 779 3085 st
806 3043 874 3086 vero

140 3155 179 3219 (ι)
196 3151 281 3205 Mans.
294 3146 352 3214 tlt,
373 3165 395 3202 c.
413 3165 437 3217 9.
573 3150 611 3213 (a)
628 3133 713 3202 mins.
728 3144 800 3212 Μ
815 3161 843 3212 ⁴3.
