1956 3608
240 184 268 260 ς.
283 203 329 247 ru.
347 203 415 245 eom
429 203 523 246 murus
539 203 578 245 ur
591 203 706 247 socors.
805 192 860 265 143

84 307 125 360 tet
147 315 216 357 eum
236 293 375 355 adducam
388 298 418 355 in
436 294 562 376 aliquem
584 294 726 356 occultum
745 294 862 371 locum,

82 389 121 453 ad
133 388 305 467 exigendum
318 387 463 469 quoddam
482 392 592 467 signum
607 409 722 450 suorum
734 399 864 469 peccato·

81 505 149 545 rum
169 494 197 544 et
218 482 345 559 doloris,
371 482 481 543 meliori
502 482 588 543 modo
605 503 663 563 quo
678 493 781 564 potest.
803 483 862 543 Sed

82 581 255 659 priusquam
268 597 335 637 eum
349 575 469 651 audiat,
490 585 570 637 curet
588 575 784 638 confessarius
798 582 862 638 ins-

82 675 143 733 trui
164 673 203 732 ab
222 675 286 749 ejus
308 670 497 730 familiaribus
515 668 552 730 de
572 672 663 750 ipsius
683 674 806 733 uitiiset
826 673 862 734 de

82 764 173 826 modo
188 763 313 825 tenendo
328 774 361 824 ut
381 784 448 823 eum
464 767 620 843 pereipiat,
642 773 670 824 et
693 765 730 826 ab
746 783 782 824 eo
795 784 864 844 per·

82 862 227 940 cipiatur3
243 869 271 918 et
282 879 349 920 eum
360 856 477 936 aliquod
490 860 549 934 jam
562 861 716 937 perceperit
728 861 790 934 ejus
801 878 865 937 par-

84 953 206 1015 tieulare
232 961 400 1032 peceatum,
424 970 490 1012 curn
516 953 596 1029 siguo
623 949 752 1025 doloris,
783 950 865 1010 illum

84 1047 171 1108 debet
191 1045 350 1106 absolvere.
375 1041 433 1105 Sed
447 1064 498 1124 ego
509 1063 623 1125 semper
638 1065 705 1105 eum
726 1045 780 1104 sub
792 1064 865 1105 corr-

85 1140 197 1203 ditione
210 1138 387 1200 absolverem
397 1180 408 1214 ,
420 1141 477 1203 uisi
487 1138 645 1221 quamdam
657 1138 794 1200 moralem
808 1159 867 1201 cer·

87 1237 245 1300 titudinem
259 1236 394 1296 haberem
408 1234 445 1295 de
460 1257 510 1296 sua
527 1236 721 1314 dispositione.

130 1332 199 1395 203.
223 1331 344 1404 Mutus,
360 1330 383 1389 si
398 1331 480 1390 sciret
494 1331 613 1391 seribere
624 1373 632 1404 ‚
645 1333 726 1408 juxta
740 1338 866 1390 nostram

87 1428 260 1489 senteutiam
278 1429 342 1500 (r),
360 1428 419 1505 ipse
435 1435 548 1486 tenetur
561 1424 596 1485 ad
608 1423 807 1486 confitendum
819 1443 868 1504 per

88 1525 256 1602 scripturam
270 1541 278 1590 3
292 1522 342 1599 qui
358 1523 436 1580 enim
451 1530 565 1581 tenetur
578 1519 615 1582 ad
631 1521 741 1594 finem,
757 1527 868 1580 tenetur

93 1618 182 1676 etiam
196 1613 234 1675 ad
248 1613 342 1674 media
358 1612 511 1677 ordinaria.
527 1613 599 1672 Dico
608 1614 786 1689 ordinario,
800 1617 868 1692 quia

95 1713 232 1790 seriptum
259 1717 331 1767 esset
354 1716 436 1768 muto
459 1704 637 1766 ordinarium
664 1704 820 1780 medium,
846 1709 869 1764 si

96 1802 225 1882 alioquin
241 1821 377 1878 magnum
393 1798 440 1860 ille
453 1798 568 1860 deberet
583 1798 708 1861 laborem
722 1800 818 1858 subire
833 1796 870 1858 ad

94 1917 178 1959 suam
195 1894 402 1956 consessionem
417 1892 605 1973 explendam,
626 1903 677 1954 aut
693 1896 716 1953 si
731 1892 872 1954 manifes-

95 1992 213 2059 tationis
228 1987 385 2068 periculum
401 2005 462 2045 esse
479 1997 583 2067 posset.

136 2087 203 2158 rod.
226 2082 258 2143 si
271 2101 400 2162 uuquam
412 2078 557 2142 accederet
572 2078 610 2140 ad
619 2079 871 2141 confessionarium

92 2180 194 2257 aliqua
209 2175 312 2235 mulier
326 2174 430 2251 surda,
445 2185 495 2235 aut
506 2173 665 2250 surdastra‚
684 2184 712 2235 et
724 2172 876 2233 Confessa-

96 2273 158 2335 n‘us
174 2272 205 2331 iu
230 2289 391 2348 progressu*
404 2271 615 2344 confessionis,
640 2272 816 2346 interrogans
839 2266 877 2327 de

94 2361 316 2441 circumstantiis
340 2360 446 2438 peccati
467 2360 608 2432 confessi,
635 2359 796 2420 adverteret
810 2379 879 2418 eam-

94 2472 157 2515 esse
177 2449 315 2526 surdum,
338 2448 460 2509 dubium
477 2448 510 2508 lit
522 2468 560 2508 an
575 2450 773 2508 Coufessarius
787 2451 879 2528 possit

95 2544 136 2605 illi
157 2543 215 2604 alta
234 2562 303 2603 voce
325 2540 440 2615 dicere,
468 2550 503 2600 ut
525 2538 620 2600 redeat
642 2539 697 2601 alio
718 2550 878 2621 opportuno

97 2647 225 2718 ternpore
238 2645 267 2695 et
279 2635 367 2697 loeo-l
383 2635 476 2696 Casus
490 2634 537 2699 bie
553 2654 627 2716 saepe
647 2637 678 2695 iu
692 2637 878 2697 missionibus

98 2731 223 2806 accidit,
247 2742 276 2792 et
289 2729 374 2792 valde
386 2730 562 2812 quandoque
577 2734 770 2807 missiouarius
787 2735 877 2809 angit.

98 2827 159 2904 Ego
177 2828 216 2888 sie
232 2824 374 2904 agendum
389 2836 481 2907 puto:
501 2829 524 2886 si
542 2826 620 2887 illius
633 2825 802 2887 surditatem
823 2825 877 2882 sub

99 2921 181 2982 initio
195 2922 379 2983 confessionis
398 2924 534 2998 noverit,
558 2932 629 2983 tuuc
644 2920 729 2980 libere
744 2928 837 2999 potest
851 2918 876 2976 ei

134 3114 174 3178 (r)
191 3114 268 3165 Tom.
282 3110 327 3172 ΙΙ,
347 3108 394 3163 lib.
407 3114 442 3173 6,
458 3125 534 3163 nuru.
547 3119 604 3179 ⁴79·
626 3127 650 3164 r.
671 3106 765 3178 Quoer.
