1956 3608
242 197 268 269 §.
284 216 329 257 rr.
350 214 438 258 canae
454 216 749 261 runrcranrarcruar„
837 202 877 277 43

107 322 223 383 corpus,
246 307 394 366 aiminus
417 307 609 388 principaliter
632 307 782 384 animam,
810 330 877 370 cum

105 394 205 474 aliquis
219 410 356 462 mortuos
367 402 518 472 nominat,
537 419 585 479 per
598 419 628 460 aa
640 399 801 482 loquendo,
815 420 877 464 non

106 486 138 547 de
150 508 248 549 eorum
261 493 420 552 animabus
433 536 442 566 ,
472 491 522 552 sed
537 492 574 553 de
586 497 750 575 corporibus
768 496 879 555 intelli·

104 582 186 658 gitur.
206 583 246 642 Ut
260 582 295 643 de
309 587 463 653 animabus
478 587 673 664 intelligatur,
693 608 765 669 opus
785 599 827 650 cst
844 599 878 650 ut

103 671 147 733 ille
169 684 220 734 ant
246 677 393 754 speciatim
417 679 447 736 in
472 695 524 738 sna
547 689 645 738 mente
668 679 705 739 de
724 682 878 741 animabus

102 765 177 848 loqui
198 767 358 848 intelligam
380 779 432 829 aut
454 770 552 830 saltem
573 771 650 851 quod
669 771 723 832 alia
739 777 878 835 sennonis

101 862 187 921 rerba
212 863 325 922 animas
349 860 506 935 denotent,
532 873 616 942 prout
639 875 681 924 est
703 864 775 924 illud
800 866 878 946 quod

100 957 294 1033 scriptumest
311 956 340 1014 in
357 954 532 1018 Machabaeis
550 958 622 1025 (lib.
640 965 689 1030 2.)
704 981 712 1018 s
726 972 833 1021 sanctu
849 973 880 1023 at

99 1047 235 1107 salubris
251 1061 296 1108 est
313 1050 475 1129 cogitatio,
496 1070 556 1128 pin
566 1044 719 1128 defunctis
731 1070 877 1115 exorare.

100 1142 154 1203 llic
170 1142 293 1202 uerbum
306 1164 441 1206 exorare
459 1148 518 1221 jam
538 1143 655 1207 denotat
670 1145 708 1206 de
723 1149 879 1208 animabus

98 1245 277 1296 mortuorum
292 1236 352 1295 lieri
368 1256 540 1297 sermonem.
888 1248 890 1253 ’

138 1330 195 1389 Per
204 1348 234 1389 se
242 1332 327 1407 igitur
336 1329 498 1410 loquendo,
510 1329 673 1392 maledictio
679 1345 876 1396 mortuorum

99 1424 275 1505 blasphemia
292 1444 351 1485 non
367 1435 421 1485 est.
444 1425 605 1487 Videamus
620 1447 717 1502 nunc,
741 1448 777 1486 an
794 1427 879 1488 blas·

100 1519 211 1600 phemia
235 1524 272 1580 sit
292 1530 405 1600 propter
422 1520 578 1581 mentalem
594 1520 760 1582 relationem
775 1542 876 1584 aurunt

100 1617 149 1694 qui
170 1614 258 1675 illam.
272 1614 429 1695 proferunt.
455 1616 491 1675 Et
507 1614 628 1674 dicimus
645 1614 769 1675 secundo
790 1616 850 1676 loco
867 1659 878 1693 ,

99 1730 283 1791 nequaquam
294 1730 329 1770 ex
340 1711 476 1770 relatione
486 1708 696 1788 blasphemiam
708 1729 770 1769 esse
783 1731 790 1780 ;
802 1728 873 1789 quo·

99 1808 177 1864 niam
200 1808 220 1864 ii
242 1807 293 1884 qui
316 1808 445 1865 mortuis
464 1803 666 1879 maledicunt,
694 1803 835 1864 ordinarie
856 1824 874 1865 a

100 1898 327 1959 consideratione
346 1900 508 1957 animarum
530 1901 655 1976 ipsorum
670 1897 875 1976 praescindunt.

98 1991 154 2052 llic
166 2000 263 2052 autem
280 2000 377 2052 auctor
392 1990 523 2071 Epistola
535 2009 581 2048 me
592 1992 781 2070 improperat,
797 1988 877 2071 quod

98 2082 274 2161 distinguere
305 2088 429 2145 nesciam
464 2085 618 2144 terminum
644 2083 875 2146 obstructuma

98 2190 252 2239 concreto.
269 2180 466 2261 Abstractus,
490 2195 537 2235 mc
550 2177 684 2247 instruit,
706 2173 753 2233 itte
764 2184 806 2233 est
820 2178 876 2255 qui
925 2221 928 2225 .

100 2271 222 2332 innuant
248 2271 388 2350 significat
408 2293 424 2332 a
447 2272 574 2347 subjecto
599 2273 765 2350 praecisam,
786 2280 870 2350 prout

100 2375 142 2425 est
156 2361 357 2446 pulchritudo,
373 2364 491 2438 albedo,
507 2373 560 2423 etc.
575 2363 742 2423 Concretas
758 2382 826 2424 vero
838 2365 876 2422 si·

99 2458 216 2538 gnificat
238 2459 399 2536 subjectum
420 2478 484 2520 cum
507 2457 596 2516 forma
616 2458 824 2530 conjunctum,
843 2466 877 2516 ut

100 2563 142 2613 est
156 2550 245 2612 borno
259 2551 396 2632 pulcher,
416 2551 512 2613 charta
527 2549 612 2622 alba,
632 2557 686 2608 etc.
699 2547 792 2621 Hinc,
808 2547 878 2609 dicit

98 2663 200 2711 vocem
223 2655 363 2703 mortuus
383 2643 542 2721 siguificare
555 2641 725 2714 hominem,
744 2642 792 2720 qui
807 2640 876 2701 alirn

99 2741 197 2803 anima
216 2746 244 2796 et
265 2757 380 2817 corpore
399 2739 569 2811 constabat,
587 2734 636 2794 sed
652 2754 730 2793 nunc
742 2737 877 2814 importat

99 2854 202 2914 corpus
218 2822 250 2896 4εῐ
271 2839 400 2897 animam
423 2835 607 2912 disjunctam.
638 2835 671 2891 lit
687 2852 721 2891 ex
739 2832 794 2893 buc
806 2852 877 2892 cou-

94 2928 207 3007 cludit,
233 2929 312 3010 quod
334 2945 472 2991 mortuns
497 2927 619 3004 alicujus
640 2944 759 3004 persona
782 2924 877 2985 male-

97 3021 218 3095 dicens,
240 3040 298 3080 uun
316 3021 410 3081 solum
425 3039 523 3080 eurum
535 3035 673 3096 corpora,
699 3013 748 3076 sed
764 3018 877 3078 animas

85 3117 186 3187 ,etiarn
202 3114 358 3177 maledicit.
