1956 3608
793 52 796 57 ·
841 39 932 145 ru

96 214 153 253 202
314 208 417 257 etiams
438 206 643 257 CONFESSARII·

96 300 190 361 raliter
200 301 236 361 de
247 305 307 363 suis
319 303 439 383 peccatis
449 302 660 374 confiteantur,
672 303 696 361 si
705 300 805 364 adhuc
813 321 867 363 non

96 395 213 457 fecerint
224 418 232 468 ;
245 401 313 478 quia
328 401 350 456 si
364 398 436 459 forte
447 396 507 475 iam
523 398 661 472 feceriut,
677 397 723 458 vel
736 399 761 457 si
775 398 869 459 anima

96 492 445 575 essetscruprrlisagitata‚
460 503 570 574 oportet
580 495 698 554 omniuo
709 492 873 557 Confessio·

99 605 166 647 uem
187 587 263 647 hauc
285 587 450 667 prohibere;
465 587 562 667 quoad
575 608 643 648 vero
656 586 873 647 Confessionem

99 683 432 765 ordinariam‚qoaedam
442 683 876 747 animaedeiicatiorisconscien·

100 780 147 841 tio
156 790 369 841 consueverunt
382 778 510 859 quotidie
519 778 647 839 confiteri
658 798 667 848 ς
679 777 748 851 sed,
761 796 877 855 genen-

102 872 164 933 liter
173 871 450 954 loquendosufficiet
461 876 587 955 personis
596 872 806 954 spiritualibus,
811 890 877 954 pm·

104 970 200 1029 sertim
216 968 408 1048 scrupulosis,
424 969 553 1028 confiteri
567 967 673 1043 semel,
687 977 740 1028 aut
749 966 789 1027 ad
801 986 879 1027 suru-

105 1083 184 1121 nmm
200 1065 244 1121 bis
259 1066 288 1121 in
304 1061 497 1123 hebdomada.
522 1062 582 1122 Sed
601 1060 720 1141 quando
735 1061 833 1141 aliqua
846 1080 880 1121 err

105 1158 166 1215 istis
177 1166 342 1234 gravaretur
356 1156 451 1236 aliqua
464 1156 546 1236 culpa
560 1157 637 1230 levi,
656 1166 686 1216 et
695 1175 754 1217 non
766 1156 881 1216 baberet

107 1254 348 1333 opportunitatem
363 1250 543 1327 confitendi,
569 1250 638 1312 dicit
659 1252 692 1310 P.
718 1253 883 1311 bansomus

108 1347 139 1405 in
154 1367 206 1406 suo
222 1357 342 1408 mactatu
358 1347 396 1407 de
408 1349 630 1420 communione,
648 1349 767 1406 innixus
786 1355 886 1407 aucto·

110 1443 192 1501 ritate
205 1440 237 1500 S.
253 1441 417 1514 Ambrosii,
433 1451 461 1500 et
474 1441 665 1520 complurium
681 1440 804 1500 aliorum
818 1460 887 1501 auo-

110 1544 204 1593 torum
217 1533 410 1613 (quodetiam
419 1534 521 1595 suadet
531 1534 563 1594 S.
579 1535 746 1595 Francisoas
759 1532 888 1593 Salesins

112 1632 142 1688 in
153 1627 281 1707 quadam
294 1650 344 1699 sua
356 1631 472 1710 epistola
483 1639 495 1703 )
506 1673 515 1704 ,
529 1628 607 1710 quod
618 1648 676 1688 non
685 1628 749 1689 ideo
759 1631 888 1688 omittere

113 1722 197 1785 debet
210 1727 463 1794 communionem
479 1723 518 1785 ad
532 1726 728 1784 remissionem
742 1724 822 1782 enirn
837 1741 889 1782 ve·

114 1820 235 1878 nialinm
247 1818 605 1881 dooetsacruruconcilium
613 1816 821 1879 Tridentinum
831 1836 889 1877 esst

115 1933 230 1992 quoque
244 1913 299 1973 alia
317 1911 430 1988 medie,
447 1923 481 1973 ut
494 1923 588 1973 essent
603 1922 683 1972 actus
695 1913 891 1984 contritionis,

118 2016 146 2066 et
156 2009 278 2075 amoris;
296 2005 374 2066 unde
387 2006 490 2066 melius
502 2017 571 2068 tunc
581 2016 624 2066 est
632 2004 670 2066 ad
682 2004 891 2086 purificandam

117 2106 246 2163 animam
261 2102 452 2181 sonipedis,
466 2104 508 2160 uti
524 2103 584 2159 istis
594 2099 717 2174 mediis,
731 2120 822 2179 quarn
834 2100 893 2179 pri·

118 2202 179 2258 vari
195 2199 397 2274 communione
410 2205 523 2274 propter
536 2196 697 2255 absentiam
710 2195 893 2257 Confusam.

120 2293 157 2351 Et
182 2293 294 2370 sapiens
311 2288 430 2368 quidam
446 2288 577 2350 Director
592 2287 725 2364 dicebat,
745 2287 824 2368 quod
844 2287 896 2348 aii·

121 2384 238 2467 qnando
254 2385 334 2461 longe
349 2385 519 2445 fructuosius
531 2393 573 2444 est
585 2405 635 2464 pro
648 2383 823 2463 quibusdam
835 2385 897 2443 aui·

123 2480 224 2539 rnabus
244 2479 381 2536 timoratis
399 2475 548 2556 disponere
565 2494 595 2533 se
612 2474 649 2534 ad
664 2478 897 2536 communionem

123 2572 232 2630 actibus
240 2571 316 2640 suis,
329 2588 418 2646 quam
428 2588 494 2627 cum
506 2566 761 2644 ipsaconiessione.
777 2567 814 2625 Et
823 2565 898 2625 mul·

123 2663 205 2722 toties
218 2658 319 2718 accidit
329 2657 406 2736 quod
418 2668 485 2718 tunc
495 2661 591 2718 anima
603 2679 632 2717 se
646 2658 778 2738 disponat
787 2659 899 2720 actibus

123 2750 341 2815 ferventioribus
359 2751 552 2824 contritionis,
568 2750 749 2811 confidentia
764 2760 794 2809 et
805 2750 901 2811 bumi-

127 2848 224 2909 litatis.

169 2946 234 3020 149·
249 2935 744 3018 Quoadverocommnnioneur‚non
752 2933 901 3016 loquimur

126 3033 172 3093 bic
190 3033 226 3092 de
242 3033 414 3111 obligatione
430 3031 579 3092 Pastorum
598 3032 761 3090 animarum
776 3048 837 3089 uon
851 3049 905 3090 ne-

118 3125 210 3209 gandi
225 3129 462 3191 communionem
475 3129 635 3206 cuicunque
653 3121 767 3183 subdito
777 3125 831 3201 qui.
843 3143 907 3185 non
