1956 3608
97 173 156 251 293
316 187 423 231 rntxrs
439 188 654 233 conressnmr..

137 275 175 348 Ῡ.
195 273 337 351 Domine,
350 277 430 337 Dens
440 280 600 356 virtutum,
613 289 745 340 converte
758 300 823 350 nos3
913 310 916 315 ·

139 387 173 445 n.
196 371 232 431 Et
246 370 373 433 Ostende
384 371 485 432 faciem
498 383 595 447 tuam,
612 383 641 434 et
653 374 725 434 salvi
734 377 842 435 erimus.
921 434 923 443 ,

139 474 170 527 tr.
194 466 335 540 Domine,
348 465 456 527 exaudi
467 471 624 528 orationem
637 490 730 530 meam
745 489 755 540 3

139 577 174 634 nr.
195 561 231 620 Et
243 560 350 621 clamor
364 581 446 620 meus
460 559 497 622 ad
511 572 538 622 te
548 566 658 624 veniat.

139 663 168 714 tr.
190 654 335 715 Dominus
349 658 507 718 vobiscum.

138 764 170 810 u.
193 749 229 810 Et
242 770 308 811 cum
322 753 422 833 spiritu
442 760 501 813 tuo.

402 903 573 949 ORBMUS·

141 1009 247 1069 Canon
261 1010 390 1070 omnium
408 1008 559 1084 fidelium,
584 1009 683 1086 Deus,
707 1019 734 1070 et
756 1009 877 1072 humani

102 1107 211 1181 generis
225 1104 377 1179 Salvator,
396 1105 474 1166 hunc
487 1105 641 1179 habitum,
662 1125 751 1185 quem
769 1117 878 1186 propter

102 1209 185 1257 tuum
222 1208 335 1280 tuaeque
371 1199 523 1260 Genitricis
557 1200 676 1278 virginis
708 1200 813 1260 Mariae
845 1198 879 1259 de

102 1295 204 1354 Monte
241 1295 374 1356 Carmelo
407 1315 533 1356 amorem
572 1305 660 1375 atque
696 1294 881 1356 devotionem

103 1409 203 1450 servus
222 1400 287 1449 tuus
310 1401 352 1450 est
368 1389 537 1463 delaturus,
562 1389 679 1451 dextera
703 1400 752 1451 tua
776 1393 885 1453 saucti-

103 1483 157 1544 fica
179 1481 221 1561 †:
244 1494 271 1543 et
285 1483 337 1542 hoc
351 1482 430 1562 quod
443 1503 492 1565 per
510 1481 583 1543 ittud
594 1487 718 1564 mystice
732 1483 822 1545 datur
838 1488 884 1545 in-

102 1576 207 1655 telligi,
223 1587 271 1637 tua
289 1596 401 1657 semper
424 1568 551 1639 tustodia
577 1598 713 1658 corpore,
736 1589 766 1638 et
784 1582 885 1642 animo

104 1679 253 1744 servetur,
267 1667 347 1730 etad
363 1673 619 1731 remunerationem
635 1681 804 1750 perpetuam
816 1693 885 1733 cum

104 1765 217 1827 Sanctis
227 1765 360 1825 omnibus
372 1763 531 1825 felicissime
542 1763 722 1845 perducatur.
734 1767 798 1847 Qui
808 1769 886 1829 vivis

107 1867 135 1918 et
150 1878 268 1936 regnas,
280 1860 311 1917 in
325 1855 419 1917 secula
432 1856 604 1918 seculorum.
624 1857 733 1917 Amenr

105 2017 223 2082 Deinde
251 2031 396 2098 asperget
422 2039 539 2096 aquom
568 2016 762 2080 benedictum
789 2039 886 2096 super·

146 2113 313 2187 hobitum,
345 2125 374 2173 et
393 2125 499 2190 posteo
519 2113 621 2188 ipsum
644 2111 788 2192 imponat
805 2133 884 2191 per·

146 2225 233 2268 sonoe
246 2205 421 2281 recipienti,
443 2204 565 2265 dicens:

146 2338 271 2420 Accipe,
293 2339 337 2400 vir
353 2335 455 2400 devote
471 2381 480 2414 ,
501 2336 580 2401 hunc
593 2338 724 2401 habitum
741 2339 884 2402 benedic-

107 2448 194 2514 tum,
226 2455 343 2518 precans
370 2433 425 2495 SS.
451 2435 600 2513 Virginem
627 2445 659 2496 ut
684 2433 747 2512 eius
771 2442 889 2499 meritis'

105 2533 186 2594 illum
205 2532 336 2612 praeferas
357 2533 420 2590 sine
440 2529 571 2605 macula,
591 2540 620 2590 et
634 2540 661 2590 te
674 2531 712 2591 ab
726 2535 806 2591 omni
824 2533 885 2593 ad-

107 2627 240 2689 versitate
264 2623 423 2701 defendat,
449 2633 535 2702 atque
564 2621 717 2688 advitam
743 2623 884 2704 perducat

108 2729 251 2793 aeternam.
273 2716 377 2778 Amen.

377 2852 493 2918 Deinde
507 2853 588 2916 dicut
601 2876 608 2913 ε

149 2994 208 3072 Ego
231 3013 267 3054 ex
289 3000 425 3074 potestate
451 2989 523 3051 mihi
550 2988 651 3051 tradita
676 2999 704 3050 et
724 3009 884 3074 concessa,

108 3091 251 3170 suscipio,
272 3111 304 3152 ac
322 3090 425 3171 recipio
441 3098 469 3152 te
488 3087 527 3150 ad
545 3088 791 3171 participationem
812 3110 883 3182 orn-J
