1956 3608
102 207 143 270 38
323 217 428 261 uurms
447 213 652 259 courussrou.

103 330 161 370 non
186 307 348 385 intelligunt
369 317 438 367 tunc
462 305 609 385 pejerare,
636 303 749 364 etiamsi
774 319 874 363 reuera

102 404 196 460 minas
213 401 330 478 exsequi
349 417 409 458 non
430 392 602 465 intendant3
618 394 718 455 saltem
737 413 798 453 non
819 391 876 455 ad-

101 499 228 551 vertunt.
338 512 340 517 ·
758 530 764 545 .

141 583 191 643 25.
213 579 318 660 Quoad
328 590 392 641 vota
403 578 609 660 factu,pariter
617 577 816 643 confessarius
827 576 877 641 di·

102 676 218 754 ligenter
228 677 382 756 exquirata
395 674 554 735 Poenitente
567 716 577 749 ,
592 677 614 733 si
626 672 698 733 illud
710 670 788 754 quod
801 675 880 735 erni·

103 772 159 844 sit,
179 773 221 835 ,sit
243 789 345 830 verum
364 779 464 841 votum
481 770 573 848 {quia
592 767 696 844 vulgus
715 786 790 847 sepe
808 782 878 828 con·

103 863 198 924 fundit
221 863 382 937 desideria,
406 872 457 923 aut
477 864 619 943 proposita
637 882 703 923 cum
717 864 803 922 votis.
830 859 878 921 rto

100 954 161 1018 haec
182 955 382 1034 distinguenda
406 975 507 1035 parum
526 955 637 1033 juvabit
659 975 727 1014 eum
746 950 871 1015 interro-

100 1070 185 1126 gare,
207 1059 239 1109 ut
253 1047 384 1107 nonnulli
402 1047 514 1118 solent,
538 1066 576 1107 an
595 1067 725 1128 unquam
740 1047 878 1108 habuerit

101 1144 289 1202 intentionem
308 1151 419 1200 se-voto
432 1138 627 1218 obstringendi
645 1142 700 1200 sub
717 1144 796 1218 gravi
812 1162 878 1222 pec·

102 1245 165 1296 cato
178 1237 191 1296 ?
204 1233 355 1314 Siquidem
371 1233 455 1294 rudes
475 1237 516 1295 sic
535 1236 697 1313 interrogati
719 1235 801 1295 lacile
825 1255 878 1295 ne·

100 1339 189 1407 gant:
206 1331 357 1388 saliuserit
370 1331 558 1404 interrogare,
576 1329 599 1387 si
614 1337 681 1388 tunc
694 1349 760 1390 cum
777 1338 880 1389 votum·

101 1424 211 1495 emisit,
226 1423 407 1483 existimabat
415 1442 444 1480 se
454 1423 576 1499 graviter
585 1431 766 1502 peccaturum
777 1422 874 1499 luisse,

101 1533 138 1574 an
151 1532 232 1586 non,
247 1515 270 1570 si
283 1522 378 1592 postea
393 1533 452 1573 non
463 1512 645 1574 satisfecisset
659 1533 667 1584 3
680 1522 708 1573 et
721 1516 759 1573 ita
775 1516 877 1575 melius

101 1612 283 1682 cognoscetur
302 1623 340 1664 an
359 1605 413 1663 sub
432 1606 532 1683 gravi,
549 1603 597 1665 vel
609 1605 664 1664 levi
680 1624 710 1665 se
722 1615 791 1667 voto
804 1607 878 1667 obli·

100 1701 188 1776 gavit.
218 1698 321 1758 Certus
346 1697 458 1760 dehoc
482 1697 576 1760 factus
601 1699 800 1761 Cousessarius
824 1702 877 1764 boe

101 1794 187 1853 fuisse
200 1813 301 1854 verum
317 1804 438 1869 votum,
460 1796 608 1873 exquiret,
622 1816 660 1856 an
673 1798 698 1855 si
712 1799 749 1856 ob
763 1796 877 1858 dilatio·

101 1908 168 1949 nem
183 1891 296 1967 putavit
314 1908 431 1968 peccare
456 1889 636 1969 mortaliter,
663 1901 714 1951 aut
732 1890 878 1967 judicabat

101 1979 181 2039 se‘ab
203 1979 257 2039 hoc
280 1983 431 2054 excusari,
454 1983 522 2060 quia
542 1982 598 2040 sibi
620 1992 680 2042 erat
701 1984 875 2062 propositum

99 2068 171 2131 illud
183 2069 360 2151 adimplendi
380 2076 410 2130 in
428 2080 584 2150 posterum.

140 2164 190 2224 26.
209 2163 264 2224 Hic
287 2167 369 2239 juvat
388 2161 526 2224 adnotare
545 2164 640 2244 aliqua
655 2167 726 2226 eima
742 2174 875 2228 votorum

101 2256 343 2338 dispensationem
353 2265 382 2316 et
392 2259 657 2319 commutationem.
668 2257 733 2318 Jam
747 2262 876 2322 sciuntur

101 2352 230 2431 quinque
244 2359 310 2410 vota
331 2360 492 2427 reseruata,
514 2351 654 2430 religionis
667 2371 792 2431 nempe,
813 2376 877 2415 cas·

61 2484 67 2495 f
102 2448 190 2504 litatis
204 2455 365 2525 perpetuae,
389 2455 417 2506 et
433 2448 522 2507 trium
537 2447 816 2525 peregrinationum,
838 2449 875 2511 ad

101 2539 223 2597 Romam
234 2581 243 2611 ,
254 2539 410 2598 Jerusalem
422 2581 431 2614 ,
446 2549 474 2599 et
483 2537 522 2599 od
532 2538 564 2597 S.
577 2538 716 2598 ,iacobum
727 2537 875 2620 Gallinae,

53 2586 84 2623 ἐξ,

101 2649 159 2689 nou
171 2649 252 2709 posse
267 2633 322 2690 nisi
338 2652 354 2690 a
368 2633 445 2711 Papa
455 2631 612 2712 dispensari
626 2651 634 2701 ς
650 2629 807 2693 dummodo
818 2639 875 2697 sint

39 2708 60 2793 '.
102 2721 232 2809 absoluto
242 2765 251 2796 ,
263 2742 323 2783 non
333 2733 428 2784 autem
441 2725 562 2804 poenalia
573 2735 599 2783 et
610 2723 800 2787 conditionale
816 2732 829 2797 (
849 2737 874 2803 ).

50 2816 71 2887 j
102 2816 154 2875 tlis
168 2814 243 2889 edde
254 2826 355 2876 votum
369 2820 584 2896 perseverantiae
600 2820 629 2875 in
645 2817 739 2896 aliqua
755 2841 874 2898 congre-

22 2898 46 2991 ,ί
101 2911 212 2986 gatione
228 2907 275 2970 vel
293 2911 500 2971 communitate
519 2909 746 2979 solitumemitti
768 2917 873 2993 (prout

135 3105 173 3166 (ι)
190 3105 218 3157 L.
229 3103 245 3157 3
258 3141 265 3164 ,
276 3120 352 3159 num.
364 3110 422 3161 261.
