1956 3608
149 227 213 302 746
372 246 476 287 orrens
494 246 701 289 consensor.

152 335 306 395 sanitatem
327 331 422 394 adhuc
442 337 565 415 corporis
583 334 713 410 confert,
736 348 810 399 curn
825 338 928 396 animae

150 427 237 489 saluti
251 425 388 507 expedit:
404 425 454 488 sed
468 427 544 490 hanc
557 431 714 489 sanitatem
726 447 786 488 non
799 430 906 509 praehet
922 473 933 504 ,

151 525 177 581 si
192 518 380 583 moribundus
399 541 433 583 eo
450 520 593 599 devenit,
617 530 651 582 nt
660 532 791 619 nequeat
805 524 931 605 amplius

150 624 207 683 nisi
219 641 268 701 per
280 622 450 685 miraculum
460 623 674 692 convalescere;
686 625 753 703 quia
761 622 932 685 Sacramen-

151 725 217 778 lom
243 736 293 796 per
322 718 401 777 viam
430 715 604 778 ordinariam
633 727 748 778 tantum
775 727 934 797 operatur,

151 831 254 876 causas
269 812 414 872 naturales
425 808 638 890 coadjuvando.
661 812 694 873 Si
710 832 778 872 vero
797 811 853 873 hoc
874 831 933 872 non

151 908 285 969 obstante
301 907 434 967 infirmus
452 927 511 967 non
532 910 741 987 acquiesceret,
762 916 792 966 et
806 914 935 988 pergeret

151 1001 229 1062 nolle
248 1003 339 1076 ungi,
362 999 449 1061 valde
467 1000 651 1080 probabiliter
674 1001 768 1082 plures
786 1000 859 1060 Do.
877 999 942 1060 do·-

152 1102 220 1153 cent
235 1097 280 1162 (r)
295 1111 362 1153 eurn
377 1091 518 1153 lethaliter
528 1113 662 1173 peccare,
679 1094 781 1154 saltern
794 1091 940 1159 adversus

152 1185 322 1249 charitalem
348 1207 412 1265 erga
439 1189 585 1268 seipsum,
607 1207 674 1248 cnm
697 1187 774 1249 ultro
792 1207 823 1250 se
841 1190 934 1268 privet

153 1291 235 1341 tanto
255 1280 363 1341 auxilio
378 1284 409 1340 in
429 1290 508 1342 tanta
522 1285 701 1343 necessitate.
725 1362 730 1369 Ι

154 1440 182 1517 §.
195 1440 250 1500 Vl.
274 1439 438 1520 Quomodo
454 1459 485 1500 sc
497 1460 602 1520 gerere
622 1370 820 1503 debeam
834 1441 934 1521 capite

456 1535 613 1595 damnatis·
625 1536 640 1596 Ρ

198 1684 266 1745 108.
294 1680 370 1742 eru
394 1678 443 1739 his
462 1681 589 1740 maxime
613 1677 780 1740 charitaset
796 1682 937 1759 patientie

155 1777 321 1841 adhibenda
330 1785 382 1836 est.
394 1775 491 1849 Prima
503 1777 566 1834 vice
574 1794 630 1853 qua
643 1773 844 1838 confessarius
854 1797 940 1837 reone

155 1876 275 1944 visitat,
303 1872 421 1950 incipiat
448 1870 474 1928 ei
503 1869 685 1947 significare,
710 1879 831 1930 mortem
857 1869 936 1932 illam

156 1965 265 2028 donum
291 1983 352 2025 esse
372 1963 450 2038 Dei,
474 1965 525 2043 qui
544 1962 689 2024 vulteum
704 1961 818 2025 salvum
834 1963 936 2026 fauere.

153 2062 242 2122 Dicat
256 2057 334 2140 quod
348 2077 400 2118 nos
418 2075 518 2116 omnes
531 2075 567 2115 ex
584 2056 639 2118 hoc
657 2054 774 2116 mundo.
785 2054 940 2120 discessuri.

156 2174 281 2231 sumus,
305 2161 337 2213 et·
351 2149 388 2210 de
403 2152 506 2223 brevi,
529 2159 563 2208 ut
576 2147 614 2208 ad
629 2151 815 2211 aeternitatem
832 2171 937 2232 perre-

156 2251 273 2310 niamus
287 2266 351 2326 quae
361 2263 421 2304 non
436 2242 522 2303 habet
535 2241 634 2303 linem.
650 2241 727 2303 llinc
738 2245 793 2324 ipsi
803 2243 939 2326 loquatur

157 2339 197 2402 (lo
208 2340 282 2402 felici
297 2340 446 2401 beatorum
462 2340 545 2413 vita,
564 2334 641 2397 etde
659 2338 763 2399 misere
783 2337 938 2402 damnaru-

156 2454 234 2500 rum.
266 2431 380 2498 Deinde
404 2433 533 2493 hortetur
558 2451 651 2504 eum,
689 2441 723 2492 ut
747 2435 852 2510 gratias
872 2445 938 2516 agei

72 2548 81 2561 ⁸
156 2533 223 2592 Deo
238 2533 288 2611 qui
304 2527 447 2608 usquead
463 2526 534 2587 illud
549 2536 663 2606 tompus
675 2528 771 2607 ipsurn
785 2539 939 2610 exspecta-

158 2627 224 2700 vit,
242 2642 295 2683 nec
306 2623 481 2705 perrnisitut
494 2630 650 2681 rnoreretur
664 2629 790 2701 ternpore
804 2642 863 2703 qno
877 2633 937 2685 erat

158 2722 192 2782 in
205 2725 331 2800 peccato.
357 2715 486 2776 Demnrn
505 2713 645 2789 indurat,
668 2725 701 2775 ut
718 2725 840 2778 mortem
852 2717 936 2779 hilari

160 2817 423 2892 animo-acceptet,
444 2830 508 2871 eam
529 2809 733 2888 conjungendo
754 2832 822 2872 curn
846 2823 937 2874 morte

160 2929 249 2991 quam
265 2907 396 2968 Christus
418 2905 562 2965 Doroinus
577 2925 626 2986 pro
641 2925 693 2965 euo
708 2925 806 2966 aurore
822 2925 937 2987 perpes·

162 3023 212 3065 sus
225 3014 292 3076 est;
316 3021 441 3082 eumque
458 2999 596 3062 conlbrtet
619 2997 762 3076 dicendo,
784 2999 864 3082 quod
878 3005 935 3082 ipse

190 3165 231 3226 (r)
248 3159 405 3230 Num.733·
489 3230 492 3235 Ι
627 3128 694 3227 ὁ
