1956 3608
148 219 187 279 62
369 226 474 292 essars
492 227 695 275 courusstsu.

148 325 309 388 coalescunt
328 326 359 384 in
380 326 526 384 materiam
550 342 666 400 gravem
688 326 746 394 (r).
779 321 921 382 Probabi-

35 495 38 500 ,
147 413 314 481 liter'antern
329 421 379 498 qui
390 418 497 478 fructus
507 415 623 477 ederent
635 425 665 476 in
675 415 794 477 aliorum
807 418 921 488 vineis,

148 511 304 572 dummodo
317 531 376 572 nou
388 514 447 573 siut
461 513 516 571 rari
529 520 558 571 et
569 512 664 588 magni
678 512 780 590 pretii,
798 519 922 589 possum

147 608 272 667 excusari
293 605 393 667 saltem
415 628 432 667 a
451 615 564 686 peccato
587 607 691 682 gravi,
716 605 740 663 si
761 602 839 665 loras
860 624 921 665 non

147 710 296 781 exportant
310 705 341 761 in
356 721 458 779 magna
474 703 635 780 quantitate
648 705 712 772 (2):
729 703 759 759 in
776 698 831 761 lroc
843 701 922 760 enirn

149 814 241 854 rerum
260 814 383 873 genere,
402 814 467 874 quae
481 796 567 852 nimis
577 804 644 852 sunt
658 796 813 872 expositae,
829 791 924 870 major

148 891 293 968 quantitas
315 887 352 948 ad
377 908 491 966 gravem
518 890 667 947 materiam
690 886 922 948 constituendam

146 985 298 1060 requiritur
319 983 375 1051 (3).
403 983 438 1039 tu
456 981 509 1040 lrac
533 984 640 1040 ratione
662 980 780 1041 faciliter
801 989 924 1060 possunt

146 1075 273 1133 excusari
302 1070 403 1130 farnuli
426 1079 454 1129 et
475 1069 589 1131 samulae
605 1090 669 1150 quae
682 1073 736 1131 sibi
754 1093 770 1132 a
793 1070 923 1131 dominis

146 1172 266 1225 surnunt
298 1183 341 1224 res
370 1163 578 1238 comestibiles,
607 1163 694 1224 modo
716 1184 774 1223 non
798 1167 858 1225 sint
889 1167 921 1225 in

147 1276 250 1334 magna
272 1257 432 1335 quantitate
445 1265 473 1314 et
492 1253 722 1316 extraordinariae
737 1257 793 1328 (4)·
816 1256 925 1334 Neque

146 1349 329 1409 condemnari
352 1347 457 1417 debent
474 1347 510 1406 ‹le
524 1358 639 1427 peccato
654 1351 753 1425 gravi,
773 1350 824 1428 qni
843 1349 922 1426 ligna

147 1441 296 1512 incidunt,
317 1450 367 1500 aut
383 1461 480 1520 pecora
495 1440 531 1501 ad
547 1451 659 1521 pastum
672 1440 782 1502 ducunt
796 1445 826 1502 in
841 1463 924 1520 agros

92 1602 95 1608 ,
145 1534 377 1604 communitatis,
402 1531 466 1593 licet
487 1532 659 1612 prohibitum
675 1535 734 1603 sit;
760 1535 830 1613 quia
852 1534 923 1595 tales

146 1623 349 1704 prohibitiones
367 1632 519 1684 censentur
541 1642 602 1685 esse
619 1645 691 1705 pure
714 1624 841 1704 poenales
862 1626 923 1698 (5).
954 1623 957 1626 ’

147 1717 282 1777 Gravitas
296 1727 392 1776 auteur
406 1717 531 1776 materiae
546 1726 792 1778 commensuratur
805 1738 822 1776 o
841 1738 923 1797 qua-

145 1810 224 1870 litate
238 1829 362 1888 personae
376 1811 420 1869 eui
434 1809 545 1868 illatum
559 1819 601 1868 est
615 1808 754 1869 damnum
771 1831 779 1880 ;
800 1809 851 1868 sed
867 1811 925 1874 hoc

32 1894 50 1967 ,ἓ
146 1903 236 1963 fusius
251 1901 409 1962 discussum
431 1912 473 1962 est
490 1905 519 1961 in
536 1923 617 1983 opere
640 1907 695 1977 (6).
722 1904 796 1963 Cum
819 1915 924 1969 autern

39 2040 42 2047 .
145 1995 220 2054 furta
237 1995 309 2054 fiunt
324 2016 339 2054 a
356 1995 444 2068 liliis,
470 2005 520 2056 aut
538 1998 575 2057 ab
588 1999 743 2072 uxoribus,
764 1999 924 2075 requiritur

146 2089 237 2148 multo
251 2091 341 2165 major
357 2090 518 2166 quantitas,
533 2100 565 2148 ut
579 2091 635 2149 sint
650 2109 735 2168 grave
748 2099 898 2169 peccaturo
913 2114 923 2164 ;

35 2202 41 2227 t
146 2195 174 2244 et
188 2205 249 2244 raro
262 2183 291 2242 bi
309 2192 440 2243 tenentur
454 2185 508 2243 sub
523 2188 606 2262 gravi
620 2187 791 2264 obligatione
808 2184 846 2246 ad
862 2207 923 2248 res·

31 2236 40 2339 l
147 2280 307 2338 titutionem
326 2280 383 2353 (7).

188 2369 236 2441 ts.
258 2369 359 2427 Certus
378 2368 468 2429 lactus
483 2368 518 2430 de
531 2373 610 2449 gravi
627 2369 794 2429 Poeuitentis
808 2370 921 2450 obliga·-

149 2466 223 2523 tioue
244 2463 458 2539 confessarius,
475 2467 606 2544 inspiciat
622 2467 645 2524 si
664 2464 808 2523 Poenitens
823 2467 923 2531 valeat

148 2558 290 2614 restituere
304 2595 313 2627 ,
328 2554 389 2614 licet
403 2577 467 2614 cum
482 2556 579 2636 aliquo
594 2553 774 2616 incommodo
786 2598 796 2629 ,
810 2566 839 2617 et
849 2577 919 2620 euru

147 2663 204 2703 uon
218 2642 367 2719 absolvat,
384 2648 437 2704 nisi
453 2649 529 2726 prius
542 2650 687 2721 restituat,
702 2645 765 2707 licet
777 2645 825 2706 ille
836 2651 919 2728 signa

98 2846 100 2851 ⁴
184 2854 220 2907 tat
240 2846 268 2897 L·
282 2848 311 2910 3,
333 2861 407 2897 nuru.
423 2845 481 2909 ⁵30,
549 2851 586 2910 (a)
604 2844 632 2896 L.
647 2847 679 2905 3,
699 2863 725 2897 n.
741 2853 798 2912 529.
812 2849 866 2918 Qu.
878 2867 904 2904 2.

181 2940 219 3004 (3)
237 2942 318 2991 Num.
332 2944 389 3005 ⁵²9·
549 2943 587 3004 (4)
605 2941 633 2990 1..
648 2943 679 3000 ὅ,
697 2957 724 2990 n·
740 2947 799 3004 ⁵4⁵·

181 3041 217 3094 (st
237 3039 317 3088 Num.
330 3043 397 3103 529,
417 3044 444 3090 et
457 3052 484 3092 n.
496 3041 555 3104 sit.
566 3053 589 3089 ν.
599 3055 623 3089 a.
637 3037 667 3088 ln
680 3036 746 3089 loco.

182 3127 219 3191 ι(6)
236 3126 265 3179 L.
277 3125 311 3190 3,
329 3141 355 3177 n·
370 3133 427 3195 529.
470 3208 478 3217 ἣ
543 3133 581 3196 (7)
599 3127 679 3185 Num·
690 3129 738 3196 539
751 3139 777 3191 et
792 3136 849 3199 ⁵43,
