1956 3608
158 197 216 269 114
303 204 308 215 ·
374 205 480 251 enims
497 203 701 250 connssuun.

152 320 263 364 sacrum
279 301 429 379 suscipere.
453 299 588 359 Attamen
602 296 697 358 adhuc
714 296 745 357 iu
758 295 925 376 hujusmodi

151 415 217 457 casu
236 413 294 473 quo
309 392 454 452 Poeniteus
469 411 603 471 magnam
618 391 750 452 habuerit
769 412 925 473 compunc-

151 492 275 561 tionem,
290 485 505 562 Contissarius,
518 497 660 567 quantum
671 495 776 566 potest,
790 485 927 549 adhibere

150 602 180 643 se
195 580 301 659 debet,
320 589 353 640 ut
369 579 452 640 ilium
472 579 589 642 inducat
602 579 639 642 ad
655 579 843 642 differendam
858 601 928 642 sus·

149 677 308 756 ceptionem
329 672 466 750 Ordinis,
491 673 528 735 ad
549 674 603 736 hoc
622 684 656 735 ut
677 675 812 735 meiiusa
836 696 928 756 pravo

149 768 251 830 habitu
273 787 305 829 se
325 779 444 849 purget,
469 778 497 828 et
518 768 620 828 melius
634 779 767 848 concepta
784 771 927 849 pmposlta

148 872 331 944 exsequatur.
356 862 420 923 lmo
434 860 471 923 ad
486 863 565 924 hunc
579 862 733 933 effectum,
752 864 777 922 si
792 861 841 923 itte
855 863 929 925 nolit

148 956 261 1017 differre
270 959 495 1036 susceptionem,
510 967 601 1036 potest
612 960 698 1017 etiam
709 955 928 1030 Gouiessarius,

148 1061 288 1128 tauquam
307 1046 456 1122 Medicus,
469 1048 506 1109 ad
519 1054 655 1126 maiorem
670 1052 734 1127 ejus
747 1050 929 1131 proiectum,

148 1140 260 1203 differre
272 1144 326 1223 ipsi
339 1141 568 1217 absolutionem,
590 1154 621 1203 ut
632 1144 790 1204 initiandus
803 1146 930 1208 Ordinis

148 1234 356 1314 susceptionem
367 1231 490 1294 differat.
505 1235 566 1296 Hoc
578 1244 674 1295 tamen
686 1234 907 1315 intelligendum
917 1280 936 1316 „

148 1324 235 1385 modo
248 1344 283 1383 cx
298 1325 346 1384 tali
361 1323 498 1384 dilatione
510 1346 570 1386 non
586 1327 687 1387 subeat
700 1325 748 1386 itte
765 1330 927 1406 periculum

148 1414 268 1493 alicujus
281 1416 430 1492 infamia,
451 1427 501 1477 aut
515 1427 612 1491 notae;
635 1428 703 1479 tunc
721 1422 798 1479 enirn
818 1425 929 1501 (prout

147 1519 277 1570 notatum
299 1519 341 1568 est
364 1528 446 1570 num.
461 1511 500 1589 59
512 1518 546 1586 ),
567 1512 710 1572 Poeniteus
725 1512 813 1573 habet
832 1517 878 1591 jus
894 1526 929 1578 ut

147 1601 243 1659 statim
261 1599 437 1663 absolvatur.
462 1602 605 1683 Caeterum
626 1603 798 1664 Confessarii
819 1603 928 1668 debent

147 1712 209 1753 esse
225 1690 354 1754 difficiles
371 1736 380 1769 ,
402 1706 545 1774 quantum
565 1697 625 1757 fieri
643 1706 755 1776 potest,
781 1699 811 1758 iu
825 1700 929 1760 absol-

81 1779 83 1783 ’
147 1785 250 1848 vendis
264 1785 431 1864 hujusmodi
453 1787 642 1864 ordinandis,
665 1792 715 1870 qni
739 1792 927 1870 postmodum

148 1878 289 1939 ordinarie
317 1882 431 1959 pessimi
457 1882 608 1957 evadunt,
636 1893 665 1943 ct
688 1887 728 1945 sic
753 1885 866 1965 populis
898 1900 928 1953 et

149 1973 278 2039 Ecclesia
297 1977 448 2053 perniciem
466 1996 599 2055 maguam
616 1976 769 2046 afferunt(
790 1986 814 2051 ).
855 2022 864 2029 -

181 2150 219 2209 (r)
236 2144 303 2197 Vide
314 2143 360 2197 lib.
373 2150 404 2207 6,
423 2160 455 2197 ex
468 2163 542 2200 nom.
555 2153 597 2213 ⁶9·
