1956 3608
170 241 231 286 220
392 230 496 280 mm
512 236 718 279 confessam.

172 335 314 410 quantum
326 346 497 410 possumus,
515 338 548 388 ut
561 327 624 388 Deo
635 326 812 408 placeamus.
825 327 932 390 Praiata

171 424 276 486 Sancta
288 426 382 503 iuquit
394 445 402 482 :
417 423 569 485 Diabolus
582 423 775 502 potissimum
786 424 872 486 timet
880 445 933 486 mo·

168 519 319 601 gnnm'mo
336 519 445 580 corda.
460 519 497 579 Et
510 517 578 579 alibi
594 540 603 576 ε
620 514 708 583 Nihil
714 518 810 578 'uliud
824 540 846 580 o
859 519 934 581 notis

168 607 273 692 exigit·
283 616 438 674 Dominus
455 635 551 690 quom
566 612 702 673 validum
716 613 934 675 determinatio·

167 726 261 780 nem,
279 720 314 767 ut
326 707 478 784 reliquum
489 708 553 785 ipse
567 706 636 766 inde
647 704 803 785 perficiat.
825 707 936 786 Oportet
972 774 975 781 ¹

169 820 285 880 quoque
304 800 401 861 fovere
420 798 554 889 affectan
579 818 726 859 summum
747 796 813 878 erga
841 802 933 863 oratio-

169 913 253 972 nem,
270 916 334 974 quae
342 895 493 956 estfornax
503 897 533 954 in
542 914 600 974 qua
608 891 773 954 accenditur
781 893 933 955 amorriu-

169 1008 235 1049 nus.
247 991 357 1048 Omnes
368 989 466 1049 Sancti
475 1031 485 1063 ‚
494 989 631 1069 quoniam
644 989 729 1048 unite
740 987 838 1050 Deum
849 988 934 1067 dilige·

168 1082 259 1157 bant,
284 1085 367 1143 unice
384 1101 500 1162 quoque
516 1081 679 1160 dilexerunt
700 1085 871 1147 orationem.
894 1082 934 1142 list

167 1179 254 1238 etiam
276 1180 468 1238 necessarium
496 1187 529 1237 ut
554 1178 618 1257 quis
645 1175 781 1237 ardenter
806 1176 935 1239 desideret
974 1206 976 1215 ·

168 1271 333 1349 paradisum
347 1295 354 1344 ;
371 1276 401 1332 In
416 1271 486 1333 crelo
499 1274 577 1332 enIm
592 1274 696 1333 animae
709 1269 933 1350 diIiguntDeun

168 1385 234 1426 curn
250 1370 385 1428 omnibns
399 1369 600 1441 vicibussuis,
617 1365 696 1448 quod
710 1369 848 1448 consequi
861 1384 934 1429 neno

167 1469 260 1536 potest
274 1463 303 1519 in
321 1470 416 1535 terra,
438 1470 466 1520 et
485 1459 550 1521 Ideo
565 1459 629 1520 vuit
650 1459 731 1519 Deus
747 1469 780 1520 ut
801 1458 934 1521 ardentis·

166 1551 238 1610 sime
247 1548 300 1613 hoc
308 1571 427 1630 regnum
439 1551 633 1616 desideremus
643 1593 653 1627 ,
663 1549 742 1632 quod
753 1551 840 1619 Iesus
850 1551 934 1620 Chris·

168 1651 214 1704 tus
227 1646 311 1707 nobis
325 1648 478 1726 acquisivit
490 1648 628 1723 sanguine
640 1663 702 1704 suo.

212 1741 278 1802 166.
296 1742 365 1801 VII.
382 1742 495 1802 Habere
510 1759 645 1818 magnam
661 1737 888 1809 uniformitatem
899 1735 935 1802 tli-

167 1837 242 1896 vinae
257 1835 398 1897 voluntati
411 1840 441 1900 iu
455 1837 589 1897 omnibus
603 1836 687 1904 rebus
696 1838 838 1915 appetitui
847 1843 933 1896 nostro

166 1932 333 2008 contrariis,
355 1942 383 1993 et
405 1931 559 2012 septenes
581 1933 612 1990 in
631 1929 677 1989 die
696 1929 760 1993 Deo
777 1928 887 1991 offerre.
910 1926 936 1993 S.

165 2027 302 2090 Theresia
317 2028 371 2092 hoc
388 2033 579 2112 quinquagies
596 2026 688 2088 indie
705 2026 799 2088 facere
822 2043 937 2089 cousue-

166 2135 262 2186 verat:
274 2129 345 2186 Non
354 2127 491 2186 consistit
497 2144 680 2202 progressus
693 2125 809 2203 (inquit
817 2122 936 2191 Sancta)

164 2219 197 2278 in
222 2219 280 2277 sibi
306 2219 510 2295 procuranda
538 2222 656 2292 majore
687 2217 837 2293 fruitione
859 2216 935 2290 Det,

164 2314 218 2375 sed
235 2313 266 2372 in
288 2313 489 2392 ndr'mplenda
508 2315 590 2375 itlius
611 2315 776 2374 voluntate.
802 2313 840 2373 Et
851 2311 935 2373 alibi:

140 2422 148 2450 ⁸
168 2414 251 2472 Vero
267 2411 339 2472 unio
355 2425 400 2472 est
414 2412 502 2474 unire
521 2424 661 2485 nostram
680 2430 753 2470 cum
769 2409 874 2470 divino
887 2428 937 2486 sor

165 2507 293 2566 luntate.

210 2607 276 2675 167.
290 2598 374 2659 VIII.
386 2601 522 2659 Praestare
537 2607 669 2659 exactam
683 2595 880 2658 obedientiam
895 2614 936 2656 re·

163 2691 256 2771 gulis,
271 2695 485 2773 superioribus,
509 2703 536 2754 et
553 2697 625 2776 patri
640 2693 792 2775 spirituali.
820 2693 936 2756 Dicebat

163 2788 204 2848 V.
215 2789 249 2849 P.
261 2788 434 2849 Vincentius
445 2788 574 2850 Caraffa:
592 2789 773 2852 ohedientia
782 2802 826 2850 est
835 2788 936 2868 regino

163 2885 301 2946 omnium
319 2884 464 2944 virtutum
482 2902 494 2952 ,⁰
514 2903 617 2945 omnes
632 2882 712 2944 enim
726 2885 851 2944 uirtutes
867 2884 937 2943 obe·

161 2977 250 3038 diunt
272 2978 461 3040 obedientiae.
487 2979 524 3038 Et
544 2977 577 3038 S.
598 2974 737 3039 Theresia
760 2997 769 3034 :
792 2979 876 3038 Deus
899 2972 934 3036 ob

100 3061 101 3065 ’
162 3075 276 3154 autmo
286 3092 357 3148 quoe
371 3073 428 3132 sibi
445 3073 605 3153 proposuit
614 3072 705 3136 ,illum
718 3090 848 3145 amore,
863 3066 936 3131 ntttt

155 3164 248 3227 aliud
261 3165 361 3247 exigit
378 3186 475 3254 quom
489 3165 700 3241 obedientium.
721 3162 850 3261 Perfecta
871 3181 935 3227 vero
