1956 3608
854 39 913 97 ”aa

110 225 166 288 sua
324 236 429 281 anans
451 232 657 279 conrussmrr.

106 329 260 402 videntur,
273 327 323 387 sed
333 349 350 388 a
362 327 421 387 solo
431 326 574 386 intellectu
583 326 682 388 divina
692 324 754 385 luce
764 321 875 401 adjuto,

105 442 170 503 quaa
183 424 288 502 species
298 419 488 497 intelligibiles
496 422 597 497 ingerit
609 431 712 499 ;atque
721 417 786 479 haec
796 420 875 477 visio
902 458 904 463 ,

105 535 176 574 num
198 516 325 589 species,
347 523 417 572 teste
435 513 466 573 S.
481 511 637 587 Therasia,
662 521 718 572 tota
737 521 781 570 est
794 512 877 591 spiri-

106 610 210 677 tualisa
228 607 339 667 nullam
353 610 430 668 enim
444 611 475 669 in
489 629 521 668 ea
537 619 645 688 partem
659 606 768 666 habent
781 624 876 684 serpeus

104 719 198 779 neque
208 702 317 759 externi
329 720 448 778 ,neque
458 703 561 760 interni
572 742 581 774 ‚
595 701 645 779 qui
657 708 727 758 sunt
738 700 877 775 imagina-

105 795 184 865 tiva,
200 802 228 852 et
244 791 403 871 phantasia.
425 790 592 853 Notandum
607 789 684 871 quud
700 810 797 871 neque
810 810 877 851 ocu-

104 883 160 960 lis,
184 905 278 966 neque
300 886 449 965 phantasia
473 894 566 966 potest
589 887 686 944 anima
702 902 820 963 cernere
838 900 877 943 rer

104 980 158 1038 sibi
175 988 405 1058 repraesentatas‚
425 981 479 1037 nisi
496 980 526 1037 in
543 979 709 1057 apparentia
727 996 876 1056 corporea,

104 1074 214 1130 etiamsi
231 1080 324 1130 essent
337 1073 504 1132 substantiae
521 1070 692 1150 spirituales.
719 1070 745 1129 E
760 1081 877 1145 contra,

103 1162 241 1222 beneficio
254 1162 433 1238 intellectus,
445 1184 488 1223 res
499 1173 655 1224 cernuntur
663 1174 807 1242 tanquam
818 1165 876 1243 spi·

104 1256 237 1330 rituales,
258 1259 370 1317 etiamsi
383 1258 493 1318 fuerint
508 1256 667 1319 materiales
680 1279 689 1326 3
710 1257 758 1315 vel
770 1267 801 1317 ut
814 1276 876 1317 me·

103 1346 282 1423 liusdlcam,
296 1360 470 1425 noscuntur,
488 1371 546 1410 non
567 1348 717 1424 videntur,
740 1348 791 1409 sed
811 1368 877 1409 nos·

102 1448 206 1498 cuntur
219 1439 299 1516 lunge
313 1441 415 1499 melius
426 1462 514 1518 quam
527 1443 549 1501 si
561 1441 649 1500 oculis
661 1451 853 1501 cernerentur.

148 1539 212 1604 rto.
234 1530 451 1593 Advertendum
476 1545 572 1594 tamen
588 1534 634 1595 hic
648 1544 711 1608 est,
736 1531 816 1613 quod
833 1536 876 1593 vi·

102 1623 195 1681 aiones
222 1626 289 1684 istas
314 1635 372 1685 tam
396 1628 502 1701 Deus,
526 1647 615 1706 quam
633 1625 765 1687 diabolus
788 1633 877 1706 potest

99 1717 208 1792 operari
225 1735 233 1784 3
250 1715 327 1794 quod
342 1727 384 1776 est
402 1716 618 1795 intelligendum
632 1720 720 1777 etiam
735 1715 772 1775 de
789 1714 875 1777 intel·

101 1801 288 1880 lectualibus,
311 1817 343 1867 ut
369 1808 483 1866 videtur
508 1812 627 1867 innuere
656 1807 687 1868 S.
709 1806 874 1875 loannesa

100 1913 180 1952 cruce
196 1902 241 1966 (1)
252 1906 348 1955 contra
361 1896 389 1955 id
402 1897 480 1976 quod
495 1902 580 1959 sentit
593 1896 745 1958 cardinalis
760 1897 875 1959 Petruc-

99 1985 159 2043 clus
171 2006 177 2054 ;
191 1990 325 2064 quamvis
344 1991 434 2051 multo
449 1992 558 2052 facilius
571 1989 748 2072 corporales,
766 2012 830 2071 quae
845 1999 875 2050 ut

100 2077 275 2156 plurimum,
288 2093 316 2142 et
328 2087 465 2162 praecipue
476 2088 504 2142 in
516 2087 648 2158 leminis,
663 2084 699 2144 ab
711 2087 772 2162 ipsa
784 2083 883 2163 pban·'

101 2175 169 2231 tesia
186 2172 381 2234 efformantur.
402 2177 489 2252 Signa
506 2176 542 2237 ad
560 2175 777 2253 distinguendas
791 2195 873 2237 veras

99 2264 208 2323 afalsis
222 2276 289 2324 sunt
310 2288 317 2324 :
344 2293 372 2328 r.
389 2268 420 2328 Si
443 2272 563 2329 veniant
584 2289 618 2331 ex
641 2271 797 2349 improviso
813 2271 872 2329 sine

99 2352 155 2413 ulla
172 2355 339 2434 praecedcnti
355 2361 458 2420 animae
472 2364 649 2438 cogitatione.
665 2360 736 2421 nsi
747 2361 872 2421 abluitis

98 2445 218 2509 afferant
243 2453 438 2513 confusionem
464 2465 492 2515 et
519 2465 675 2529 terrorem,
700 2452 751 2513 sed
777 2464 871 2534 postea

98 2540 260 2620 relinquant
271 2550 396 2607 animam
413 2551 440 2606 in
455 2568 532 2626 pace.
547 2549 788 2623 astantiam,
803 2550 871 2628 quia

97 2630 258 2709 frequentes
271 2649 338 2697 sunt
348 2640 432 2698 valde
443 2651 590 2719 suspectae.
611 2645 641 2713 4.
655 2641 687 2701 si
701 2661 801 2720 parum
813 2640 871 2701 du·

97 2732 182 2807 rent,
199 2728 355 2804 quoniam,
374 2731 468 2810 inquit
482 2731 513 2790 S.
523 2731 660 2791 Therasia
676 2732 871 2811 (2)‚quando

96 2816 191 2874 anima
211 2818 336 2877 intuetur
357 2820 535 2899 perlongum
555 2831 666 2900 tempus
682 2841 741 2881 rem
756 2824 810 2881 sibi
826 2844 871 2883 re·

97 2920 314 2984 presentatum,
341 2915 453 2991 siguum
468 2924 510 2974 est
528 2906 606 2994 quod
622 2918 657 2974 sit
676 2918 770 2994 potius
790 2926 870 2976 actus

97 2998 263 3075 phantasia.
279 3007 361 3069 Visio
370 3008 485 3085 divina,
499 3009 689 3089 utplurimum
700 3050 709 3082 ‚
721 3012 823 3070 transit
831 3010 869 3071 ad

129 3118 167 3181 (ι)
184 3118 283 3188 Solita,
302 3124 347 3179 lib.
361 3144 393 3193 a,
410 3144 434 3182 c.
445 3139 486 3193 24.
562 3135 600 3193 (a)
618 3129 702 3185 Mans.
716 3127 754 3183 Vl
763 3165 772 3192 ,
790 3144 849 3195 οη.
