1956 3608
229 247 237 254 .
269 207 297 281 5,
310 222 356 265 ur.
377 221 419 265 ne
433 216 711 266 monmrrotnmrrs.
820 226 877 271 aar

103 326 151 379 tus
173 317 285 378 virtutis
303 317 361 376 siut
379 313 581 376 manifestandi
602 314 690 390 aliis,
717 312 765 375 vel
782 315 881 375 occul-

102 411 183 473 tandi
200 410 264 471 ttit
274 408 460 491 respondetur
472 407 689 487 distinguendo:
705 427 790 489 opera
801 427 883 469 eorn-

102 504 203 564 munia
215 501 250 563 ad
263 504 400 564 virtutem
411 499 598 561 christianam
609 502 784 575 necessaria,
798 518 882 561 exer-

102 598 158 657 ceri
173 595 277 656 debent
288 594 384 676 palam
398 614 407 664 ς
421 603 453 653 ut
462 602 537 652 esset
547 592 706 671 frequentia
717 614 881 656 sacramen·

101 697 212 765 torum,
229 691 320 749 oratio
330 685 464 748 mentalis
478 707 486 756 ς
499 687 625 746 visitatio
638 688 821 760 venerabilis,
830 708 883 750 au·

102 780 163 842 dire
176 785 295 844 missam
313 783 435 859 genibus
451 779 552 855 flexis,
568 789 674 840 etcum
688 781 812 840 interiori
824 784 883 860 spi-

100 879 174 937 ritus
187 875 381 937 recollectione
394 895 402 945 ;
425 871 533 933 deferre
548 871 642 933 oculos
656 870 799 932 modestos
814 893 822 942 ;
842 875 883 934 si·

100 968 225 1031 lentium
234 971 264 1027 in
274 966 393 1029 ecclesia
404 986 531 1037 servare;
541 964 651 1026 dicere:
666 967 699 1025 V
697 970 746 1027 olo
754 979 883 1030 sonetur

99 1061 229 1125 evadere
250 1079 261 1128 ,·
288 1054 389 1137 'fugere
412 1058 604 1138 garrulitatem
623 1100 634 1134 ,
655 1060 884 1120 conversationes

103 1154 296 1235 periculosas,
313 1156 490 1216 curiositates
508 1165 538 1213 et
558 1152 670 1212 similia.
698 1153 795 1232 Opera
816 1174 883 1215 uero

103 1271 171 1332 quae
186 1250 320 1311 dicuntur
334 1251 585 1328 supererogationis
595 1247 841 1325 extraordinariae,
855 1259 885 1311 et

100 1367 171 1429 quae
180 1348 295 1425 sapiunt
303 1333 674 1425 singularitatem,utsupra
683 1354 820 1407 enarratae
828 1365 884 1427 pur-

102 1439 883 1520 nitentiaeextemaeciliciomm,flagellomm,orationis

102 1555 170 1598 curn
196 1534 318 1595 brachiis
343 1538 373 1594 in
395 1554 506 1595 crucem
529 1539 681 1613 expansis,
701 1538 883 1597 comestionis

102 1629 257 1689 herbarum
270 1630 469 1702 amariorum,
485 1629 692 1706 suspiriorum,
709 1627 794 1689 fletus
809 1640 883 1691 tem-

101 1739 170 1800 pore
186 1721 339 1794 orationis,
355 1729 408 1780 etc.
423 1761 433 1794 ,
451 1718 584 1781 occultari
596 1715 722 1793 debent,
739 1728 881 1799 quantum

101 1814 237 1895 possibile
251 1823 303 1875 est.
319 1812 443 1892 Reliqua
453 1832 522 1877 vero
535 1833 619 1895 opera
633 1815 765 1890 virtutis,
782 1823 814 1874 ut
824 1817 882 1875 rni-

86 1909 224 1969 'nistrare
238 1905 384 1974 infirmisr
408 1924 521 1982 erogare
542 1905 752 1986 eleemosynam
773 1926 881 1987 paupe·

99 2003 182 2063 ribus
197 2021 205 2069 ;
220 1998 372 2059 humiliare
382 2017 413 2058 se
428 1997 542 2059 facienti
556 2001 697 2074 injurias,
713 2011 741 2060 et
753 2001 879 2073 similia,

99 2094 165 2156 haec
179 2092 282 2153 melius
303 2095 356 2153 erit
377 2093 522 2155 occultare
538 2101 678 2173 quantum
697 2094 759 2153 fieri
782 2104 881 2175 potest.

100 2186 164 2251 sed-
177 2190 200 2246 si
214 2187 285 2247 forte
298 2190 422 2248 exerceri
441 2189 650 2268 nequeantnisi
668 2188 798 2269 publice,
821 2207 881 2250 non

100 2280 209 2342 debent
225 2284 420 2358 praetermitti,
436 2280 594 2342 dummodo
612 2282 685 2344 fiant
701 2293 815 2345 tanturn
831 2285 883 2345 in-

102 2377 179 2436 tuitu
195 2370 327 2454 placendi
343 2373 418 2434 Deo.

192 2564 218 2642 §.
232 2565 288 2626 tv.
309 2565 494 2646 Frequentior
512 2563 796 2633 sacramentorum.

147 2756 212 2828 148.
235 2756 374 2815 Taunum
399 2753 517 2818 dicenda
542 2767 608 2818 sunt
626 2758 721 2838 aliqua
740 2760 776 2819 de
793 2760 880 2819 modo

101 2868 163 2929 quo
179 2849 375 2910 confessarius
390 2849 509 2928 dirigere
524 2850 607 2911 debet
623 2856 735 2911 animas
747 2853 881 2929 spiritua·

100 2944 144 3003 les
167 2944 238 3002 circa
261 2943 449 3023 frequentiam
480 2945 753 3015 Sacramentomm,
777 2942 882 3004 scilicet

100 3037 308 3111 confessionis,
331 3048 358 3096 et
373 3037 593 3097 communionis.
617 3032 705 3111 Quod
723 3043 830 3115 spectat
842 3037 880 3098 acl

99 3133 327 3211 confessionem,
346 3130 461 3212 expedit
476 3133 545 3213 ipsis
560 3132 706 3194 insinuare
720 3173 732 3206 ,
747 3141 785 3192 ut
794 3151 884 3210 qene-

715 3231 743 3290 l.
754 3231 780 3291 ts
