1956 3614
97 214 119 276 6
318 226 420 271 eramo
441 224 649 270 comessuri.

98 319 258 396 mendum,
282 328 310 378 et
333 323 357 378 si
373 318 525 399 dispositus
544 331 697 394 est‚.eum
716 321 874 403 absolvat,

97 426 125 476 et
143 412 266 475 remedia
283 412 436 489 salutaria,
450 416 557 493 quibus
571 416 657 493 possit
671 433 701 474 se
717 435 733 475 a
749 418 875 495 peccaris

47 579 53 586 ,
98 527 228 581 servare,
243 517 389 585 suggerat,
408 518 495 588 atque
506 511 532 567 ei
549 511 678 587 imponat
693 506 763 577 (sed
777 506 816 569 de
828 508 876 570 lrie

99 605 128 662 in
144 602 171 674 §.
186 603 317 681 sequenti
332 609 462 679 agetur).
491 600 525 660 Si
538 610 633 660 aulem
654 599 737 661 fuerit
755 601 878 663 absolu·

99 697 184 756 iionis
203 698 343 774 incapax,
370 703 421 755 aut
442 692 596 774 expediens
619 692 764 754 uidebitur
784 691 877 755 diffe-

99 788 218 850 rendam
235 809 295 848 esse
316 787 544 861 absolutionem,
561 789 684 866 assignet
700 790 726 847 ei
741 786 819 849 dieru
840 791 877 851 in

98 901 156 961 quo
170 879 277 959 regredi
292 879 412 955 debeat,
427 877 548 942 dicendo
557 881 584 939 ei
595 882 634 940 sic
647 880 736 954 zeta,
750 882 878 959 Frater,

98 976 152 1036 tuli
165 975 214 1034 die
230 987 257 1032 te
272 985 437 1048 exspecto,
462 992 501 1031 ne
516 970 733 1048 proetermittus
756 973 801 1032 od
822 992 878 1032 mo

98 1067 198 1127 redire
225 1084 233 1135 3
260 1068 366 1124 animo
386 1064 465 1140 sorti
484 1084 658 1145 magnoque
678 1065 739 1139 ria,
764 1079 799 1124 ut
819 1064 878 1124 tibi

1 1171 3 1177 “
99 1156 188 1227 (lixi3
203 1154 387 1217 commenda
398 1167 424 1215 tc
433 1156 568 1230 quotidie
577 1155 682 1215 Beatoe
696 1156 728 1212 V
726 1154 819 1236 irgim’
823 1197 835 1230 ‚
844 1169 878 1219 ee

99 1254 164 1313 oeni
177 1252 220 1314 acl
234 1263 296 1312 me.'
313 1249 347 1311 Si
349 1251 435 1335 fitrte
448 1263 522 1311 tunc
535 1249 664 1311 invenies
675 1270 724 1310 me
736 1249 875 1312 eborum

101 1341 315 1418 consessiones
337 1341 561 1418 excipientem,
586 1340 716 1413 accede,
743 1353 771 1400 te
789 1342 877 1404 enim

100 1447 171 1497 erute
188 1432 265 1494 elios
285 1433 424 1494 audiam.
454 1434 487 1494 Si
501 1435 574 1495 alibi
591 1455 668 1511 ero,
695 1437 752 1511 suc
768 1449 803 1495 ut
825 1455 878 1498 me

101 1539 278 1597 arcessunt,
298 1525 576 1603 omniadecreta,
592 1539 626 1586 ut
636 1539 669 1586 tu
682 1525 876 1605 confitearis.

102 1623 138 1681 Et
161 1622 201 1680 sic
221 1619 351 1681 dulcibus
375 1620 470 1681 verbis
490 1641 507 1680 a
533 1640 563 1680 se
584 1619 719 1681 dimittat.
744 1620 815 1681 Haec
832 1629 878 1682 esi

101 1716 148 1774 via
166 1733 224 1793 qua
243 1724 400 1792 peccatores
422 1711 494 1773 salvi
520 1711 579 1771 fieri
601 1720 744 1792 possunt,
770 1730 877 1792 nempe

101 1826 167 1872 cum
182 1808 221 1864 eis
237 1824 319 1880 agere
334 1813 443 1881 quonia
459 1804 585 1864 maxima
607 1802 668 1862 lieri
691 1811 782 1882 potest
803 1804 878 1863 cari-

104 1910 178 1965 tate:
192 1898 336 1978 alioquin,
351 1900 374 1957 si
390 1901 443 1978 ipsi
458 1900 488 1957 in
503 1896 717 1958 confessarium
727 1893 879 1976 incident,

104 1995 152 2072 qui
164 2013 228 2052 crrrn
241 1995 280 2050 eis
291 1991 477 2052 inclementer
491 1999 573 2066 agat,
592 2009 608 2048 a
623 1988 799 2047 confessione
810 1987 879 2050 bor-

104 2089 226 2160 rebunt‚
247 2087 375 2146 confiteri
395 2083 557 2163 negligent,
574 2091 603 2143 et
616 2079 752 2145 effrenate
766 2081 797 2140 in
813 2099 878 2161 per·

105 2180 241 2239 ditionem
260 2180 351 2238 ibunt.

243 2347 269 2425 t.
287 2352 324 2411 11.
350 2351 441 2415 cuca
459 2350 570 2412 eruunt
588 2331 740 2429 officium.

48 2604 51 2610 ,
147 2541 176 2600 6.
198 2540 427 2611 Confessum,
453 2546 484 2597 ut
499 2537 542 2596 sui
565 2536 732 2598 Poeuitentis
752 2537 881 2600 infirmi-

106 2635 211 2693 tatibus
237 2632 367 2691 remediis
391 2632 556 2710 opportunis
579 2640 728 2706 occurrat,
755 2651 881 2710 eognos-
918 2708 922 2713 ⁴

108 2727 195 2789 cenda
211 2738 253 2786 est
267 2729 357 2803 origo,
387 2736 416 2784 et
436 2745 520 2785 causa
541 2726 671 2784 omniurn
687 2725 880 2805 spiritualium

107 2825 169 2898 ejus
190 2823 363 2880 morborum.
393 2819 531 2879 Nonnulli
555 2815 755 2894 confessarii,
777 2830 880 2900 praeter
903 2857 923 2893 ᾗ

107 2919 212 2993 species
238 2925 266 2976 ei
287 2933 440 2974 numerum
464 2921 667 2999 pennatorum,
700 2911 774 2973 nihil
798 2912 880 2974 aliud

108 3008 268 3086 inquirunt.
298 3008 329 3068 Si
351 3008 539 3068 Poeniteniern
564 3003 731 3085 dispositum
756 3003 880 3083 vident,

107 3102 208 3172 atatim
225 3120 293 3164 eum
315 3101 488 3167 absolvunt:
505 3102 550 3161 sin
563 3101 679 3178 minus,
700 3101 771 3180 quin
784 3118 880 3168 unum
