1956 3608
178 199 362 276 annanrccio
375 229 408 271 m
424 225 574 271 nnnrcono
589 226 714 270 nonnis.
774 208 831 292 295

70 398 156 424 m
164 391 834 424 mmmmmmmm

76 561 327 624 BENEDICTIO
348 559 391 621 ΙΝ
413 556 622 621 ARTlCULO
643 561 814 623 MORTIS.

58 785 129 863 287.
150 752 318 844 Possim
334 799 455 862 regnans
478 799 555 840 anno
578 781 677 857 1747,
698 781 837 861 episcopis

55 876 222 940 facultatem
240 879 377 939 concessit
394 886 423 935 et
443 894 541 934 eorum
565 873 717 949 delegatis,
737 873 838 934 indul-

56 974 184 1051 gentiam
203 971 358 1052 plenariam
373 971 482 1048 aegrotis
498 970 660 1048 petentibus
679 971 837 1048 impertiri,
933 960 939 967 ’

10 1100 14 1117 ι
58 1077 211 1148 postquam
230 1067 427 1137 Poenitentiae‚
448 1063 633 1125 Eucharistiae
652 1073 679 1124 et
698 1065 837 1125 Extremae

57 1159 212 1219 Unctionis
227 1167 402 1220 sacramenta
418 1159 599 1234 acceperint,
623 1166 673 1217 aut
686 1160 839 1215 verosimi-

57 1252 122 1312 liter
136 1255 334 1330 quaesiissent‚
356 1261 406 1310 aut
429 1252 452 1309 si
472 1251 585 1326 signum
602 1248 720 1330 aliquod
736 1248 840 1310 doloris

58 1346 211 1418 dederint,
236 1356 264 1406 et
277 1356 373 1426 postea
390 1364 490 1405 sensus
506 1346 663 1405 amiserint.
690 1345 756 1405 Non
770 1366 838 1405 vero

57 1440 333 1513 excommnnicatis,
350 1449 377 1498 et
390 1437 639 1518 impoeuitentibus
655 1457 664 1505 ;
679 1457 732 1498 nec
751 1439 838 1498 etiam

57 1531 182 1611 illisqui
206 1535 234 1590 in
255 1532 383 1590 evidenti
406 1543 521 1610 peccato
538 1535 709 1592 moriuntur.
733 1529 840 1593 Modus
868 1564 872 1569 ·
934 1536 947 1563 ³

59 1645 120 1704 quo
137 1624 221 1684 datur
236 1622 396 1684 benedictio
410 1633 452 1682 est
467 1622 513 1682 hic
528 1643 535 1678 :

102 1717 171 1778 288.
193 1713 331 1776 Sacerdos
352 1715 447 1791 aegroti
471 1711 593 1772 domum
614 1711 775 1790 ingrediens
795 1712 841 1775 di·

60 1819 127 1875 cat;
147 1810 221 1870 Pax
246 1810 319 1870 huic
342 1808 450 1868 domui
468 1822 496 1868 et
522 1808 666 1868 omnibus
692 1809 841 1870 habitun-

60 1904 141 1965 cibus
162 1905 195 1962 in
216 1922 263 1963 co.
293 1903 330 1961 Et
351 1911 482 1981 aspergat
503 1921 610 1981 aquam
638 1900 841 1979 benedictam,

61 1997 161 2057 dicens
174 2017 182 2054 ε
200 1993 355 2076 Aspergcs
369 2015 418 2054 ma
428 1997 563 2073 hyssopo
575 2038 585 2069 ‚
599 2008 629 2054 et
642 1996 818 2058 mundabor
829 2014 842 2066 ,⁹

60 2087 180 2151 lavabis
194 2109 264 2163 me,
280 2086 415 2164 etisupet·
428 2086 526 2147 nivem
537 2084 719 2146 dealbabor.
741 2085 842 2148 Postea

63 2181 158 2242 dicat:
169 2181 313 2242 Miserere
322 2181 383 2240 mei
389 2180 505 2255 ‚Deum
512 2178 681 2243 secuudum
693 2201 842 2259 ωαὸηαηι
868 2222 871 2226 -

28 2305 32 2309 ·
62 2274 307 2336 miscricordiam
323 2287 421 2335 tuam.
432 2272 541 2335 Gloria
555 2275 660 2349 Patri,
675 2287 732 2336 etc.
747 2275 844 2336 Elui-

64 2368 105 2430 hil
119 2364 198 2428 aliud
217 2363 314 2425 dicens
330 2372 438 2444 repetat
456 2365 666 2444 antiphonam:
688 2373 843 2448 Aspcrges

64 2484 136 2534 me,
163 2475 222 2523 etc.

88 2555 138 2616 ·Si
160 2563 280 2633 agnotus
301 2549 510 2613 confessionem
530 2554 619 2633 petit,
638 2551 776 2617 Sacerdos
790 2558 843 2620 be-

65 2661 152 2738 nigne
172 2654 270 2716 audiat
290 2673 298 2724 3
316 2654 361 2712 sin
380 2672 470 2729 vero,
496 2657 673 2718 contritionis
695 2669 791 2720 actum
810 2666 843 2722 ut

66 2761 186 2830 aegrotus
213 2749 308 2811 eliciat
332 2748 468 2824 studeat,
497 2752 692 2830 consortetque
713 2772 779 2813 eum
805 2752 843 2812 ad

66 2846 190 2929 paradisi
208 2846 323 2926 gloriam
340 2846 509 2928 sperandam
526 2869 534 2918 ς
556 2847 683 2908 hortetur
700 2857 732 2907 ut
751 2857 843 2910 totum

67 2962 97 3002 se
113 2940 211 3001 offerat
229 2942 313 3015 Deo,
330 2952 358 3002 et
374 2963 422 3021 pro
435 2953 612 3023 peccatorum
629 2962 744 3004 suorum
761 2946 846 3006 satis·

66 3035 190 3097 factione
210 3034 239 3094 id
252 3034 337 3116 ,quod
357 3036 420 3096 vult
440 3038 542 3117 Deus,
560 3040 709 3119 ipsamque
723 3048 843 3102 mortem

67 3136 203 3207 acceptet.
234 3124 422 3189 lndedicat:

661 3218 743 3299 st
