1956 3608
55 256 62 268 .
155 208 194 278 40
375 211 481 261 uatxrs
499 211 704 261 confessam.

155 304 312 389 Loquendo
320 316 417 367 autem
425 305 461 365 de
470 305 691 387 dispensatione,
700 302 737 365 ad
746 302 822 364 hanc
830 306 930 384 requi⁴

155 407 225 463 titur
240 421 324 463 causa
342 404 468 480 gravior,
488 404 623 461 nimimm
645 399 801 480 periculum
816 398 929 475 grande

154 497 406 574 transgressionis,
433 515 536 572 magna
554 492 706 555 difficultas
719 494 931 569 exsecutionis,

154 588 275 666 levitas,
295 598 344 649 aut
360 589 522 669 imperfecta
538 587 724 663 deliberatio,
747 607 803 667 qua
825 596 930 647 votum

154 685 291 742 emissum
306 692 348 742 est
366 687 422 756 (r).
450 681 645 742 Nihilominus
660 701 770 761 semper
785 679 932 741 laudabile

154 779 207 835 erit
228 774 382 854 adjungere
408 774 575 853 hujusmodi
596 774 856 856 dispensationibus
874 773 932 834 ali·

155 890 242 951 qnam
252 873 516 931 commutationem.
528 870 580 942 llas
591 869 687 930 autem
703 867 932 949 dispensationes

157 972 185 1022 et
197 960 432 1022 conmutationes
452 971 570 1041 possunt
591 961 651 1022 lieri
671 970 749 1021 extra
771 959 932 1021 confessio-

151 1074 242 1128 nem,
264 1056 349 1114 modo
370 1056 490 1116 facultas
512 1066 570 1114 non
594 1057 632 1114 sit
644 1074 785 1139 ¹concessa
800 1050 861 1112 vsub
878 1055 930 1116 tali

147 1147 340 1222 conditione,
365 1154 398 1208 ut
413 1152 442 1208 in
457 1148 578 1209 Jubilaeo
595 1150 661 1224 (2),
682 1147 731 1207 sed
753 1147 863 1224 consilii
886 1159 932 1211 est

153 1261 201 1302 eas
214 1243 307 1305 lacere
320 1247 351 1303 iu
365 1244 551 1305 consessione.

195 1354 244 1413 27.
267 1336 373 1412 Quoad
389 1336 598 1415 blasphemias,
613 1339 786 1414 interroget,
807 1337 829 1395 si
842 1355 931 1399 exse-

158 1439 252 1488 cratus
274 1430 357 1488 fuerit
378 1433 407 1489 in
422 1431 540 1490 Sanctus
556 1429 569 1488 Ρ
584 1439 613 1489 et
629 1431 734 1508 quibus
748 1432 843 1491 verbis
860 1450 931 1492 usus

154 1522 376 1582 fuerit.·Certum
389 1533 430 1582 est
440 1526 516 1582 enim
529 1526 632 1584 existis
644 1522 830 1604 blasphemiis
840 1545 930 1604 quas*-

153 1614 219 1675 dam
240 1633 299 1674 esse
320 1624 431 1694 peccata
454 1614 605 1691 mortalia,
630 1613 701 1675 alias
718 1635 786 1676 vero
801 1635 861 1677 esse
876 1637 930 1678 ve·

154 1708 252 1768 nialia.
474 1782 476 1787 A
653 1723 656 1727 ’

192 1805 241 1862 28.
260 1803 414 1879 Interroget
424 1824 453 1861 2.
465 1806 488 1862 si
499 1805 685 1865 exsecraverit
696 1806 725 1863 in
738 1804 800 1865 dies
813 1816 928 1866 sanctos

107 1896 111 1903 '
151 1913 255 1973 nempe
273 1894 431 1970 Pascham,
450 1896 601 1972 Natalem,
617 1898 833 1978 Epiphaniam,
851 1897 928 1957 Sab-

151 1987 249 2047 batum
265 1999 394 2048 sanetum
407 2032 416 2062 ,
442 1999 513 2062 etc,
532 1990 609 2070 quod
622 1994 750 2053 excusari
763 2009 821 2050 non
833 1999 928 2068 potest

151 2102 167 2142 a
191 2082 327 2159 mortali,
344 2083 410 2146 licet
430 2086 512 2145 multi
537 2085 621 2147 rudes
642 2086 717 2149 clare
738 2106 798 2148 non
820 2107 927 2166 appre-

152 2174 280 2237 hendant
297 2187 329 2237 ut
346 2177 420 2249 tale;
443 2178 492 2239 sed
507 2183 575 2260 quia
593 2191 636 2241 est
649 2181 768 2240 dubium
787 2183 810 2239 si
823 2202 927 2262 appre-

151 2267 305 2346 hendunt,
329 2290 365 2330 an
384 2291 464 2348 non,
482 2277 670 2353 investigetur
684 2274 721 2334 de
737 2294 878 2352 numero,
897 2288 925 2339 et

150 2359 318 2439 hujusmodi
334 2365 517 2446 blasphemiae
533 2372 725 2450 accipiantur,
743 2380 776 2429 ut
792 2379 860 2430 sunt
876 2393 924 2433 co-

150 2475 209 2516 ram
231 2459 302 2520 Deo.
323 2462 351 2522 3.
375 2462 551 2541 Inlerroget,
569 2465 591 2523 si
608 2473 757 2542 postquam
776 2458 924 2543 protulerit

149 2549 343 2629 blasphemias
361 2559 390 2614 in
410 2556 520 2628 Deum,
540 2559 570 2615 in
586 2556 724 2630 Sanctus,
745 2567 796 2616 eut
815 2561 845 2616 in
864 2559 923 2620 dies
960 2578 966 2592 ’

151 2662 262 2718 sacros,
278 2645 442 2706 immediate
456 2650 651 2726 subjunxerit,
668 2651 695 2708 si
707 2671 757 2710 eos
774 2673 829 2730 ego
843 2655 901 2721 feci
910 2659 923 2726 ,'

152 2745 221 2810 aut,
238 2754 366 2819 excepto
384 2741 461 2802 Deo.
486 2744 598 2802 Etenim
616 2742 654 2800 illi
674 2741 782 2818 rudes,
807 2748 856 2824 qui
875 2745 920 2806 di·

153 2841 222 2892 cunt
237 2836 275 2894 ita
290 2837 374 2896 unico
389 2845 476 2912 actu,
500 2838 573 2897 bene
590 2847 670 2896 notat
687 2849 783 2899 auctor
796 2841 921 2902 instruc-

185 3029 221 3085 (ι)
238 3025 322 3077 Num.
337 3031 386 3075 252
398 3031 425 3074 et
437 3024 493 3077 253.
800 3065 803 3069 -

185 3123 224 3186 (a)
243 3120 323 3175 Num.
337 3127 394 3188 257.
406 3138 430 3176 r.
442 3120 538 3176 lmmo.
551 3125 578 3179 L.
591 3122 622 3189 3,
640 3138 668 3177 n.
681 3133 736 3190 ¹²4·
749 3141 774 3179 v.
787 3126 886 3195 Neque.
