1956 3608
97 250 155 324 ·78
315 264 420 307 rnrxrs
439 262 647 309 contusarum

95 354 293 435 perfectionem
302 397 311 429 ,
320 367 348 416 et
358 358 528 436 npineturse
534 355 716 437 derelictam,
731 359 764 418 in
774 358 866 438 primia

96 467 155 509 non
171 458 304 509 terreatur
315 448 441 510 videndo
454 452 648 512 confusionem
661 440 760 526 lianc,
779 462 867 512 etau-

96 541 202 602 diendo
216 552 256 602 tot
270 547 466 625 expressiones
481 548 588 607 timoris
601 555 629 605 et
640 544 869 625 desperationisr

95 655 149 696 nec
163 655 194 694 se
210 637 342 700 ostendat
360 638 516 714 timidum,
540 649 590 699 aut
611 638 669 698 ullo
685 637 773 699 modo
784 638 868 700 lraesi-

96 735 223 805 tantem,
233 729 284 790 sed
294 730 482 791 viriliteream
492 728 673 791 confortetad
684 729 757 789 nilril
769 733 868 790 timen-

98 816 169 880 dum
185 843 193 880 r
211 832 240 882 et
252 841 287 883 eo
302 832 427 902 ternpore
443 822 595 903 plusquam
613 820 686 880 alias
706 822 816 881 animet
830 819 868 888 ¹ad

96 911 302 974 confidendum
317 916 347 974 in
364 915 446 987 Deo,
470 916 589 974 recitans
602 911 643 971 illi
657 931 691 972 ea
707 914 794 973 verba
809 930 869 992 qne

99 1006 243 1067 Dominus
257 1007 329 1068 dixit
342 1007 374 1067 S.
389 1007 553 1081 Theresiae,
577 1004 654 1085 quod
669 1005 777 1067 scilicet
789 1026 870 1067 neruo

100 1096 196 1157 Deum
216 1098 322 1158 amittit
342 1099 450 1177 absque
464 1118 497 1157 eo
519 1095 595 1177 quod
615 1107 766 1173 cognoscat
785 1100 871 1177 amil-

99 1201 168 1252 lere.
198 1193 282 1254 Dicat
295 1194 321 1253 ei
339 1211 440 1252 omnes
454 1190 516 1251 illas
533 1192 725 1267 suggestiones
740 1189 870 1270 blasphe-

102 1290 249 1363 miarum,
272 1287 495 1358 incredulitatis,
517 1280 709 1365 impuritatis,
733 1296 763 1347 et
776 1285 871 1365 despe-

103 1384 219 1441 rationis
233 1402 291 1441 non
303 1400 365 1440 esse
379 1399 534 1441 consensus
549 1421 559 1454 ,
575 1376 624 1437 sed
642 1398 761 1458 poenus,
779 1401 840 1460 qua
851 1380 872 1439 si

102 1494 168 1537 cnm
183 1477 369 1552 resignatione
383 1473 552 1547 tolerentur,
568 1475 695 1533 animam
712 1478 800 1552 magis
811 1496 873 1535 ma-

101 1572 200 1650 gisque
215 1569 275 1629 Deo
289 1572 481 1647 conjungunt.
508 1569 590 1628 Dicat
606 1589 622 1627 a
641 1567 703 1626 Deo
724 1587 873 1647 nunquam

103 1662 168 1726 odio
179 1663 278 1727 haberi
293 1667 420 1725 animam
434 1685 450 1723 a
465 1684 522 1742 qua
535 1672 667 1734 amatur,
681 1671 710 1721 et
720 1683 786 1743 quae
798 1665 874 1723 bone

104 1770 146 1821 est
160 1760 325 1819 voluntatis.
353 1757 469 1831 Addat,
492 1758 586 1816 Deum
601 1759 639 1816 ita
656 1775 686 1814 se
696 1759 797 1834 'gerere
813 1776 873 1818 curn

106 1852 257 1911 animabus
276 1872 291 1910 a
312 1870 341 1908 se
359 1851 449 1927 magis
466 1847 587 1908 dilectis.
614 1846 823 1919 Ariditatibus,
849 1858 875 1907 et

105 1943 309 2003 tentationibus
325 1939 458 2010 (dicebat
467 1940 500 2000 S.
511 1939 668 2011 Theresia)
684 1941 785 2019 probat
802 1942 876 2000 Deus

106 2054 171 2095 suos
186 2046 335 2095 amatores.
357 2035 502 2111 Quamvis
524 2031 639 2092 ariditas
654 2041 711 2092 lota
731 2035 790 2093 vita
814 2053 876 2114 per-

107 2126 205 2203 duret,
215 2132 311 2188 anima
323 2146 380 2186 non
390 2128 502 2186 omittat
512 2128 667 2184 orationem
679 2150 686 2200 ;
697 2129 796 2201 veniet
808 2138 876 2188 tem·

106 2242 223 2302 pusquo
231 2224 355 2281 omniaei
367 2221 570 2299 persolventur.
578 2220 725 2302 Ohlquam
732 2222 876 2303 pulchrum

107 2337 157 2398 pro
175 2319 271 2376 anirna
288 2315 414 2377 desolata
428 2316 599 2401 sententiam
617 2318 624 2376 l
641 2318 776 2377 Hortetnr
794 2339 874 2396 ergo,

109 2422 141 2473 nt
150 2412 213 2473 forti
225 2413 321 2472 animo
330 2414 381 2488 sit,
396 2421 424 2471 et
432 2412 550 2473 viriliter
557 2421 698 2492 exspectet
707 2430 752 2473 res
763 2430 877 2491 magnas

109 2531 125 2568 a
147 2510 228 2583 Deo,
254 2506 324 2566 dum
350 2528 397 2566 eas
420 2528 467 2586 per
492 2511 621 2567 tutiorem
645 2511 723 2566 viam
740 2507 876 2580 deducit,

110 2601 212 2661 scilicet
228 2621 276 2678 per
290 2603 367 2660 viam
382 2604 481 2660 crucis.
509 2602 627 2661 Moneal
639 2604 724 2660 etiam
739 2611 772 2661 ut
790 2605 876 2681 primo

109 2692 239 2756 humiliet
255 2712 284 2752 se
299 2685 526 2772 utpote'dignam
541 2697 579 2754 ita
599 2716 615 2754 a
635 2695 697 2753 Deo
714 2698 827 2756 tractari
844 2694 876 2754 ob

111 2798 246 2852 anteacta
261 2790 325 2849 vita
341 2786 477 2847 defectus.
497 2786 649 2861 Secundo,
666 2798 696 2846 ut
708 2787 815 2848 divium
829 2809 878 2849 vo-

111 2885 213 2944 luntati
235 2902 264 2941 se
282 2891 368 2940 tutam
384 2882 521 2956 resignet,
539 2881 747 2958 paratissimam
764 2900 794 2940 se
808 2901 877 2961 prae·

112 2976 205 3037 hendo
214 2974 251 3036 ad
263 2996 295 3036 ea
304 2977 399 3034 omnia
410 2970 573 3053 perferenda
584 3014 593 3044 ,
606 2975 664 3032 imo
674 2982 702 3031 et
712 2977 819 3049 majora
830 2993 878 3054 pro

113 3071 326 3148 omnitempore
339 3067 416 3147 quod
430 3068 491 3126 Deo
502 3067 645 3146 placuerit.
660 3068 777 3141 Tertio,
793 3070 878 3146 proji-

107 3161 165 3225 ciat
176 3180 208 3231 se
224 3171 364 3246 tanquam
378 3172 524 3227 mortuam
533 3163 568 3223 in
577 3160 694 3222 brachia
703 3158 809 3225 diuinae
822 3165 879 3221 mi-
