1956 3608
231 220 258 294 §.
271 239 303 283 rr.
317 234 454 280 nanuum
466 235 620 282 aurursus
630 236 765 285 renutu.
813 231 867 289 261

96 330 180 390 Deus
193 333 271 411 cupit
286 351 337 392 uos
352 331 445 392 salvos
460 331 570 408 facere,
584 354 672 413 quam
687 355 738 394 uos
750 334 872 395 salutem

98 435 241 505 optamus.
273 427 371 504 Quare
388 430 449 506 ipse
471 429 570 487 merito
588 427 624 486 de
647 428 701 486 itus
723 431 874 508 queritur,

98 539 171 598 quos
185 522 269 580 etiam
284 520 424 598 fugientes
437 519 592 599 amplexari
612 520 773 598 desiderat,
792 532 824 583 ut
834 525 874 583 ait

99 613 139 673 D.
157 614 336 674 Beruardus:
352 615 507 691 Ampiectr'
523 615 651 691 quoerit,
669 639 687 676 a
702 620 812 696 quibus
823 618 874 677 de·

99 719 213 765 sertum
235 726 300 766 esse
321 726 352 765 se
368 704 514 780 queritur.
536 706 601 784 lpse
618 715 661 764 est
678 716 752 765 totus
769 726 874 785 pronus

100 795 138 855 ad
155 795 357 873 ignoscendum
381 817 389 854 ε
417 793 541 858 Multus
573 798 616 856 ud
640 798 873 875 ignoscendum.

100 886 173 948 Isni.
185 891 241 966 54,
257 908 284 966 7.
299 887 473 947 Protestatur
482 886 559 946 nolle
569 897 688 946 mortem
702 890 873 965 peccatorisr

100 978 184 1041 Nolo
199 994 330 1041 mortem
347 979 454 1056 impii,
476 979 530 1039 scd
550 994 583 1040 ut
605 990 822 1053 convertatur,
847 991 875 1041 ct

100 1072 185 1132 uiant.
202 1071 364 1132 Ezech.31
378 1115 386 1146 ,
404 1097 447 1131 ιι.
464 1071 563 1151 lnquit
579 1069 735 1151 quodcum
748 1080 876 1151 peccator

101 1180 152 1225 tua
179 1160 333 1221 detestatur
354 1171 487 1240 peccata,
508 1165 568 1240 ipse
586 1182 684 1220 eorum
708 1165 874 1222 memoriam

100 1253 222 1312 amittitr
235 1251 270 1308 Si
279 1251 389 1326 impius
401 1252 496 1330 egerit
505 1251 726 1328 poenitentr'om,
737 1253 884 1314 omnium*

99 1336 293 1418 iniquitatum
307 1343 372 1412 ejus
386 1360 449 1401 non
464 1341 662 1403 recordabor.
683 1344 803 1402 Ezectr.
821 1348 855 1407 ¹8
865 1388 892 1423 ‚·

100 1455 152 1492 ar.
174 1432 240 1492 Post
259 1430 319 1493 haec
340 1430 439 1493 divina
455 1435 637 1508 testimonia,
664 1436 730 1512 quis
745 1453 876 1512 unquam

101 1525 137 1584 de
149 1522 204 1583 Dei
219 1522 407 1586 misericordia
422 1522 551 1590 diffidere
569 1528 669 1602 poterit
686 1525 698 1584 Ρ
716 1525 799 1585 Unus
811 1535 876 1586 tan·

101 1628 164 1679 tum
180 1618 353 1698 poenitentia
371 1626 451 1677 actus
469 1615 505 1675 ad
523 1618 742 1677 innumerabilia
764 1630 880 1695 peccata

101 1711 223 1772 delenda
235 1708 349 1776 sufficit.
362 1709 536 1773 Publicanos
546 1711 596 1768 vix
604 1710 776 1786 ingemendo
787 1709 876 1773 dixitr

99 1809 248 1888 propitius
271 1821 334 1868 esto
360 1808 437 1868 milri
461 1807 634 1883 peccatori,
657 1815 686 1866 et
706 1807 877 1883 justificatus

102 1912 154 1962 est.
180 1900 318 1978 Prodigus
341 1901 439 1973 filius,
462 1903 558 1960 statim
578 1920 614 1965 ac
632 1900 670 1961 ad
688 1903 774 1980 patris
792 1901 877 1980 pedes

102 1995 202 2067 rediit,
213 2005 291 2071 pater
303 2013 368 2052 eum
381 1993 528 2073 amplexus
542 2005 594 2054 est.
611 1993 726 2068 David,
741 2005 772 2054 ut
785 1994 876 2070 dixit,

100 2090 226 2165 peccavi
243 2089 360 2162 ,Natan
374 2092 399 2148 ei
415 2088 576 2169 respondit:
592 2089 744 2169 Dominps
757 2111 877 2170 quoquo

102 2183 257 2245 transtulit
269 2188 437 2260 peccatum.
458 2207 487 2244 2.
501 2187 579 2263 fleg.
598 2208 651 2258 ru,
671 2185 716 2244 13.

144 2279 214 2350 242.
251 2275 416 2336 Secundum
450 2281 590 2336 motivum
619 2288 661 2339 est
687 2279 779 2358 passio
808 2277 876 2340 Jesu

103 2371 209 2436 ¹Christi
227 2413 237 2445 ,
252 2373 302 2449 qui
318 2388 376 2429 nou
391 2367 429 2429 ad
446 2368 525 2428 aliud
542 2391 630 2448 quam
648 2371 684 2430 ad
700 2381 877 2451 peccatorum

103 2468 224 2532 salutem
243 2469 388 2526 interram
406 2463 583 2525 descendisse
597 2475 767 2545 protestatur
782 2487 789 2523 :
804 2464 877 2535 Non

103 2564 170 2625 verri
181 2580 289 2622 vocure
298 2567 418 2636 justos,
435 2561 489 2621 sed
504 2575 689 2639 peccatores.
711 2558 822 2623 Manli.
836 2581 856 2642 9
869 2605 878 2638 ‚

109 2657 156 2718 13.
172 2655 415 2714 Profiteturetiam
426 2654 563 2715 nuiluma
576 2657 692 2718 seabire
705 2659 780 2736 pati:
796 2661 877 2721 Eum

104 2747 373 2829 quintadecima,
392 2767 455 2806 non
466 2749 586 2821 ejiciam
597 2750 699 2824 soros.
723 2749 819 2808 Joun.
833 2749 852 2805 6
868 2788 877 2818 ,

107 2846 159 2919 3-7.
191 2843 226 2900 Et
241 2840 317 2919 apud
331 2842 516 2902 Mutttroeum
538 2843 592 2916 18,
621 2862 665 2898 ra.
694 2836 878 2916 inquitquod

106 2940 170 3015 ipse
190 2944 232 2992 est
255 2934 347 2993 bonus
369 2932 414 2991 ille
437 2933 559 3003 Pastor,
580 2933 639 3008 qui·
649 2928 789 3007 dispersas
810 2948 877 2989 oves

107 3029 210 3107 qnaerit
225 3047 232 3094 ;
250 3034 277 3083 et
296 3026 422 3101 siquam
441 3019 712 3100 reperit,:exultat,
735 3038 797 3078 eam
812 3040 879 3079 am-

108 3119 265 3201 plectitur,
290 3117 404 3192 suisque
421 3112 547 3182 humeris
560 3113 699 3190 imponit,
723 3120 751 3181 ‚et
766 3109 879 3180 videtup
