<?xml version="1.0" encoding="UTF-8"?>
<!DOCTYPE html PUBLIC "-//W3C//DTD XHTML 1.0 Transitional//EN"
    "http://www.w3.org/TR/xhtml1/DTD/xhtml1-transitional.dtd">
<html xmlns="http://www.w3.org/1999/xhtml" xml:lang="en" lang="en">
 <head>
  <title>
</title>
<meta http-equiv="Content-Type" content="text/html;charset=utf-8" />
  <meta name='ocr-system' content='tesseract 3.04.00' />
  <meta name='ocr-capabilities' content='ocr_page ocr_carea ocr_par ocr_line ocrx_word'/>
</head>
<body>
  <div class='ocr_page' id='page_1' title='image "./praxiaconfessar00ligugoog_0108.png"; bbox 0 0 1956 3608; ppageno 0'>
   <div class='ocr_carea' id='block_1_1' title="bbox 113 179 805 253">
    <p class='ocr_par' dir='ltr' id='par_1_1' title="bbox 113 179 805 253">
     <span class='ocr_line' id='line_1_1' title="bbox 113 179 805 253; baseline -0.001 -24"><span class='ocrx_word' id='word_1_1' title='bbox 113 179 182 229; x_wconf 73' lang='lat' dir='ltr'>ctu.</span> <span class='ocrx_word' id='word_1_2' title='bbox 194 186 226 228; x_wconf 77' lang='lat' dir='ltr'>s.</span> <span class='ocrx_word' id='word_1_3' title='bbox 241 185 305 227; x_wconf 79' lang='lat' dir='ltr'>cun</span> <span class='ocrx_word' id='word_1_4' title='bbox 320 181 501 231; x_wconf 76' lang='lat' dir='ltr'>neumurms</span> <span class='ocrx_word' id='word_1_5' title='bbox 512 184 551 227; x_wconf 78' lang='lat' dir='ltr'>un</span> <span class='ocrx_word' id='word_1_6' title='bbox 562 185 725 229; x_wconf 79' lang='lat' dir='ltr'>ruernrvrs.</span> <span class='ocrx_word' id='word_1_7' title='bbox 765 188 805 253; x_wconf 68' lang='lat'>99</span> 
     </span>
    </p>
   </div>
   <div class='ocr_carea' id='block_1_2' title="bbox 13 277 824 2867">
    <p class='ocr_par' dir='ltr' id='par_1_2' title="bbox 34 277 809 641">
     <span class='ocr_line' id='line_1_2' title="bbox 73 277 808 357; baseline 0.004 -22"><span class='ocrx_word' id='word_1_8' title='bbox 73 295 126 356; x_wconf 81' lang='lat'>71.</span> <span class='ocrx_word' id='word_1_9' title='bbox 148 277 281 338; x_wconf 84' lang='lat' dir='ltr'>Recidivr&#39;</span> <span class='ocrx_word' id='word_1_10' title='bbox 302 286 397 338; x_wconf 87' lang='lat' dir='ltr'>autem</span> <span class='ocrx_word' id='word_1_11' title='bbox 417 287 484 337; x_wconf 87' lang='lat' dir='ltr'>sunt</span> <span class='ocrx_word' id='word_1_12' title='bbox 503 279 552 357; x_wconf 89' lang='lat' dir='ltr'>qni</span> <span class='ocrx_word' id='word_1_13' title='bbox 570 287 633 357; x_wconf 90' lang='lat' dir='ltr'>post</span> <span class='ocrx_word' id='word_1_14' title='bbox 651 278 808 339; x_wconf 88' lang='lat' dir='ltr'>consessio·</span> 
     </span>
     <span class='ocr_line' id='line_1_3' title="bbox 34 370 809 454; baseline 0.006 -24"><span class='ocrx_word' id='word_1_15' title='bbox 34 389 102 431; x_wconf 91' lang='lat' dir='ltr'>nem</span> <span class='ocrx_word' id='word_1_16' title='bbox 117 370 236 445; x_wconf 89' lang='lat' dir='ltr'>eodem,</span> <span class='ocrx_word' id='word_1_17' title='bbox 257 371 303 431; x_wconf 89' lang='lat' dir='ltr'>vel</span> <span class='ocrx_word' id='word_1_18' title='bbox 319 375 400 450; x_wconf 85' lang='lat' dir='ltr'>quasi</span> <span class='ocrx_word' id='word_1_19' title='bbox 414 370 512 431; x_wconf 89' lang='lat' dir='ltr'>eodem</span> <span class='ocrx_word' id='word_1_20' title='bbox 527 370 613 433; x_wconf 92' lang='lat' dir='ltr'>modo</span> <span class='ocrx_word' id='word_1_21' title='bbox 626 381 694 432; x_wconf 89' lang='lat' dir='ltr'>sunt</span> <span class='ocrx_word' id='word_1_22' title='bbox 707 372 809 454; x_wconf 79' lang='lat' dir='ltr'><strong>relapsi</strong></span> 
     </span>
     <span class='ocr_line' id='line_1_4' title="bbox 34 464 809 545; baseline 0.004 -20"><span class='ocrx_word' id='word_1_23' title='bbox 34 465 143 545; x_wconf 78' lang='lat' dir='ltr'>absque</span> <span class='ocrx_word' id='word_1_24' title='bbox 158 464 365 527; x_wconf 80' lang='lat' dir='ltr'>emendatione.</span> <span class='ocrx_word' id='word_1_25' title='bbox 381 466 451 541; x_wconf 86' lang='lat' dir='ltr'>Isti,</span> <span class='ocrx_word' id='word_1_26' title='bbox 472 475 503 526; x_wconf 90' lang='lat' dir='ltr'>ut</span> <span class='ocrx_word' id='word_1_27' title='bbox 517 469 706 527; x_wconf 85' lang='lat' dir='ltr'>communiter</span> <span class='ocrx_word' id='word_1_28' title='bbox 720 465 809 529; x_wconf 86' lang='lat' dir='ltr'>doce-</span> 
     </span>
     <span class='ocr_line' id='line_1_5' title="bbox 36 559 809 641; baseline 0.005 -22"><span class='ocrx_word' id='word_1_29' title='bbox 36 567 82 619; x_wconf 90' lang='lat' dir='ltr'>tur</span> <span class='ocrx_word' id='word_1_30' title='bbox 100 561 168 634; x_wconf 87' lang='lat'>(1),</span> <span class='ocrx_word' id='word_1_31' title='bbox 190 570 339 641; x_wconf 90' lang='lat' dir='ltr'>nequeunt</span> <span class='ocrx_word' id='word_1_32' title='bbox 357 559 486 634; x_wconf 86' lang='lat' dir='ltr'>absolvi,</span> <span class='ocrx_word' id='word_1_33' title='bbox 508 560 530 619; x_wconf 89' lang='lat' dir='ltr'>si</span> <span class='ocrx_word' id='word_1_34' title='bbox 552 560 611 621; x_wconf 86' lang='lat' dir='ltr'>sola</span> <span class='ocrx_word' id='word_1_35' title='bbox 631 563 710 639; x_wconf 81' lang='lat' dir='ltr'>signa</span> <span class='ocrx_word' id='word_1_36' title='bbox 729 560 809 623; x_wconf 91' lang='lat' dir='ltr'>ordi·</span> 
     </span>
    </p>

    <p class='ocr_par' dir='ltr' id='par_1_3' title="bbox 13 649 824 2867">
     <span class='ocr_line' id='line_1_6' title="bbox 16 649 812 735; baseline 0.006 -25"><span class='ocrx_word' id='word_1_37' title='bbox 16 652 115 735; x_wconf 25' lang='lat' dir='ltr'>*uaria</span> <span class='ocrx_word' id='word_1_38' title='bbox 131 649 272 727; x_wconf 82' lang='lat' dir='ltr'>afferant,</span> <span class='ocrx_word' id='word_1_39' title='bbox 297 671 402 733; x_wconf 84' lang='lat' dir='ltr'>nempe</span> <span class='ocrx_word' id='word_1_40' title='bbox 413 652 438 711; x_wconf 87' lang='lat' dir='ltr'>si</span> <span class='ocrx_word' id='word_1_41' title='bbox 457 660 570 711; x_wconf 87' lang='lat' dir='ltr'>tautum</span> <span class='ocrx_word' id='word_1_42' title='bbox 593 653 812 730; x_wconf 80' lang='lat' dir='ltr'>confiteantur,</span> 
     </span>
     <span class='ocr_line' id='line_1_7' title="bbox 35 742 812 824; baseline 0.001 -22"><span class='ocrx_word' id='word_1_43' title='bbox 35 742 187 803; x_wconf 82' lang='lat' dir='ltr'>asserendo</span> <span class='ocrx_word' id='word_1_44' title='bbox 201 762 231 803; x_wconf 87' lang='lat' dir='ltr'>se</span> <span class='ocrx_word' id='word_1_45' title='bbox 248 747 384 824; x_wconf 76' lang='lat' dir='ltr'>poenitere</span> <span class='ocrx_word' id='word_1_46' title='bbox 398 752 427 803; x_wconf 87' lang='lat' dir='ltr'>et</span> <span class='ocrx_word' id='word_1_47' title='bbox 440 761 617 823; x_wconf 86' lang='lat' dir='ltr'>proponere,</span> <span class='ocrx_word' id='word_1_48' title='bbox 631 754 713 822; x_wconf 90' lang='lat' dir='ltr'>prout</span> <span class='ocrx_word' id='word_1_49' title='bbox 723 744 812 803; x_wconf 77' lang='lat' dir='ltr'>habe·</span> 
     </span>
     <span class='ocr_line' id='line_1_8' title="bbox 38 831 811 914; baseline 0.003 -21"><span class='ocrx_word' id='word_1_50' title='bbox 38 840 84 893; x_wconf 85' lang='lat' dir='ltr'>tur</span> <span class='ocrx_word' id='word_1_51' title='bbox 103 853 141 895; x_wconf 83' lang='lat' dir='ltr'>ex</span> <span class='ocrx_word' id='word_1_52' title='bbox 165 854 278 914; x_wconf 85' lang='lat' dir='ltr'>propos.</span> <span class='ocrx_word' id='word_1_53' title='bbox 300 835 350 895; x_wconf 76' lang='lat'>60.</span> <span class='ocrx_word' id='word_1_54' title='bbox 365 831 501 893; x_wconf 81' lang='lat' dir='ltr'>damnate</span> <span class='ocrx_word' id='word_1_55' title='bbox 517 834 555 892; x_wconf 83' lang='lat' dir='ltr'>ab</span> <span class='ocrx_word' id='word_1_56' title='bbox 568 833 735 894; x_wconf 73' lang='lat' dir='ltr'>Innocentio</span> <span class='ocrx_word' id='word_1_57' title='bbox 754 833 811 895; x_wconf 82' lang='lat' dir='ltr'>xl.</span> 
     </span>
     <span class='ocr_line' id='line_1_9' title="bbox 37 922 814 1005; baseline 0 -18"><span class='ocrx_word' id='word_1_58' title='bbox 37 922 114 987; x_wconf 77' lang='lat' dir='ltr'>Nam</span> <span class='ocrx_word' id='word_1_59' title='bbox 136 925 254 984; x_wconf 83' lang='lat' dir='ltr'>habitus</span> <span class='ocrx_word' id='word_1_60' title='bbox 276 933 459 1000; x_wconf 81' lang='lat' dir='ltr'>contractus,</span> <span class='ocrx_word' id='word_1_61' title='bbox 488 934 516 984; x_wconf 89' lang='lat' dir='ltr'>et</span> <span class='ocrx_word' id='word_1_62' title='bbox 537 923 662 1005; x_wconf 85' lang='lat' dir='ltr'>relapsus</span> <span class='ocrx_word' id='word_1_63' title='bbox 681 928 814 1005; x_wconf 73' lang='lat' dir='ltr'>preteriti</span> 
     </span>
     <span class='ocr_line' id='line_1_10' title="bbox 38 1014 814 1098; baseline 0.004 -22"><span class='ocrx_word' id='word_1_64' title='bbox 38 1018 100 1076; x_wconf 86' lang='lat' dir='ltr'>sine</span> <span class='ocrx_word' id='word_1_65' title='bbox 115 1014 174 1076; x_wconf 82' lang='lat' dir='ltr'>ulia</span> <span class='ocrx_word' id='word_1_66' title='bbox 191 1014 411 1092; x_wconf 84' lang='lat' dir='ltr'>emendatione,</span> <span class='ocrx_word' id='word_1_67' title='bbox 424 1026 704 1097; x_wconf 65' lang='lat' dir='ltr'>magnampraestant</span> <span class='ocrx_word' id='word_1_68' title='bbox 717 1020 814 1098; x_wconf 88' lang='lat' dir='ltr'>suspi-</span> 
     </span>
     <span class='ocr_line' id='line_1_11' title="bbox 35 1105 815 1189; baseline -0.003 -18"><span class='ocrx_word' id='word_1_69' title='bbox 35 1110 168 1182; x_wconf 82' lang='lat' dir='ltr'>cionem,</span> <span class='ocrx_word' id='word_1_70' title='bbox 184 1105 261 1186; x_wconf 91' lang='lat' dir='ltr'>quod</span> <span class='ocrx_word' id='word_1_71' title='bbox 276 1106 395 1169; x_wconf 88' lang='lat' dir='ltr'>doloret</span> <span class='ocrx_word' id='word_1_72' title='bbox 407 1111 581 1188; x_wconf 86' lang='lat' dir='ltr'>propositum</span> <span class='ocrx_word' id='word_1_73' title='bbox 591 1129 659 1188; x_wconf 83' lang='lat' dir='ltr'>quae</span> <span class='ocrx_word' id='word_1_74' title='bbox 669 1108 815 1189; x_wconf 83' lang='lat' dir='ltr'>Poenitens</span> 
     </span>
     <span class='ocr_line' id='line_1_12' title="bbox 37 1197 814 1280; baseline 0.001 -20"><span class='ocrx_word' id='word_1_75' title='bbox 37 1200 140 1260; x_wconf 82' lang='lat' dir='ltr'>asserit</span> <span class='ocrx_word' id='word_1_76' title='bbox 150 1197 275 1274; x_wconf 82' lang='lat' dir='ltr'>habere,</span> <span class='ocrx_word' id='word_1_77' title='bbox 285 1219 470 1280; x_wconf 87' lang='lat' dir='ltr'>nequaquam</span> <span class='ocrx_word' id='word_1_78' title='bbox 485 1201 543 1259; x_wconf 82' lang='lat' dir='ltr'>sint</span> <span class='ocrx_word' id='word_1_79' title='bbox 556 1217 634 1260; x_wconf 83' lang='lat' dir='ltr'>vera.</span> <span class='ocrx_word' id='word_1_80' title='bbox 656 1198 743 1259; x_wconf 89' lang='lat' dir='ltr'>Unde</span> <span class='ocrx_word' id='word_1_81' title='bbox 753 1202 814 1261; x_wconf 88' lang='lat' dir='ltr'>istis</span> 
     </span>
     <span class='ocr_line' id='line_1_13' title="bbox 37 1288 816 1373; baseline 0.005 -22"><span class='ocrx_word' id='word_1_82' title='bbox 37 1288 198 1352; x_wconf 81' lang='lat' dir='ltr'>differenda</span> <span class='ocrx_word' id='word_1_83' title='bbox 223 1298 264 1351; x_wconf 86' lang='lat' dir='ltr'>est</span> <span class='ocrx_word' id='word_1_84' title='bbox 289 1290 431 1351; x_wconf 73' lang='lat' dir='ltr'>absolutio</span> <span class='ocrx_word' id='word_1_85' title='bbox 459 1309 510 1371; x_wconf 90' lang='lat' dir='ltr'>per</span> <span class='ocrx_word' id='word_1_86' title='bbox 537 1288 653 1372; x_wconf 77' lang='lat' dir='ltr'>aliquod</span> <span class='ocrx_word' id='word_1_87' title='bbox 681 1300 816 1373; x_wconf 83' lang='lat' dir='ltr'>tempus,</span> 
     </span>
     <span class='ocr_line' id='line_1_14' title="bbox 13 1379 816 1463; baseline 0.004 -20"><span class='ocrx_word' id='word_1_88' title='bbox 13 1379 205 1463; x_wconf 74' lang='lat' dir='ltr'>—usqueduin</span> <span class='ocrx_word' id='word_1_89' title='bbox 228 1392 363 1462; x_wconf 80' lang='lat' dir='ltr'>appareat</span> <span class='ocrx_word' id='word_1_90' title='bbox 388 1379 513 1463; x_wconf 85' lang='lat' dir='ltr'>prudens</span> <span class='ocrx_word' id='word_1_91' title='bbox 534 1384 648 1461; x_wconf 84' lang='lat' dir='ltr'>signnm</span> <span class='ocrx_word' id='word_1_92' title='bbox 679 1383 816 1446; x_wconf 85' lang='lat' dir='ltr'>emenda·</span> 
     </span>
     <span class='ocr_line' id='line_1_15' title="bbox 39 1472 816 1553; baseline 0.003 -18"><span class='ocrx_word' id='word_1_93' title='bbox 39 1472 137 1536; x_wconf 79' lang='lat' dir='ltr'>tionis.</span> <span class='ocrx_word' id='word_1_94' title='bbox 158 1474 194 1533; x_wconf 84' lang='lat' dir='ltr'>Et</span> <span class='ocrx_word' id='word_1_95' title='bbox 214 1474 243 1533; x_wconf 87' lang='lat' dir='ltr'>in</span> <span class='ocrx_word' id='word_1_96' title='bbox 259 1473 314 1535; x_wconf 87' lang='lat' dir='ltr'>hoc</span> <span class='ocrx_word' id='word_1_97' title='bbox 325 1483 440 1553; x_wconf 87' lang='lat' dir='ltr'>puncto</span> <span class='ocrx_word' id='word_1_98' title='bbox 454 1472 575 1552; x_wconf 82' lang='lat' dir='ltr'>lugenda</span> <span class='ocrx_word' id='word_1_99' title='bbox 590 1484 632 1535; x_wconf 90' lang='lat' dir='ltr'>est</span> <span class='ocrx_word' id='word_1_100' title='bbox 652 1477 816 1537; x_wconf 80' lang='lat' dir='ltr'>animarum</span> 
     </span>
     <span class='ocr_line' id='line_1_16' title="bbox 37 1562 817 1643; baseline 0 -15"><span class='ocrx_word' id='word_1_101' title='bbox 37 1568 144 1641; x_wconf 83' lang='lat' dir='ltr'>ruina,</span> <span class='ocrx_word' id='word_1_102' title='bbox 161 1562 242 1643; x_wconf 76' lang='lat' dir='ltr'>cujus</span> <span class='ocrx_word' id='word_1_103' title='bbox 254 1584 339 1625; x_wconf 84' lang='lat' dir='ltr'>causa</span> <span class='ocrx_word' id='word_1_104' title='bbox 355 1574 423 1623; x_wconf 89' lang='lat' dir='ltr'>sunt</span> <span class='ocrx_word' id='word_1_105' title='bbox 437 1574 477 1624; x_wconf 92' lang='lat' dir='ltr'>tot</span> <span class='ocrx_word' id='word_1_106' title='bbox 490 1563 559 1624; x_wconf 86' lang='lat' dir='ltr'>mali</span> <span class='ocrx_word' id='word_1_107' title='bbox 571 1564 758 1643; x_wconf 76' lang='lat' dir='ltr'>confessarii,</span> <span class='ocrx_word' id='word_1_108' title='bbox 773 1570 817 1628; x_wconf 91' lang='lat' dir='ltr'>in·</span> 
     </span>
     <span class='ocr_line' id='line_1_17' title="bbox 38 1653 820 1739; baseline 0 -22"><span class='ocrx_word' id='word_1_109' title='bbox 38 1654 176 1717; x_wconf 89' lang='lat' dir='ltr'>distincte</span> <span class='ocrx_word' id='word_1_110' title='bbox 192 1653 369 1716; x_wconf 82' lang='lat' dir='ltr'>absolvendo</span> <span class='ocrx_word' id='word_1_111' title='bbox 389 1664 429 1715; x_wconf 89' lang='lat' dir='ltr'>tot</span> <span class='ocrx_word' id='word_1_112' title='bbox 451 1653 610 1730; x_wconf 82' lang='lat' dir='ltr'>recidivos,</span> <span class='ocrx_word' id='word_1_113' title='bbox 626 1658 677 1735; x_wconf 89' lang='lat' dir='ltr'>qui</span> <span class='ocrx_word' id='word_1_114' title='bbox 694 1676 760 1716; x_wconf 88' lang='lat' dir='ltr'>cum</span> <span class='ocrx_word' id='word_1_115' title='bbox 777 1677 820 1739; x_wconf 87' lang='lat' dir='ltr'>re-</span> 
     </span>
     <span class='ocr_line' id='line_1_18' title="bbox 40 1744 818 1830; baseline 0 -21"><span class='ocrx_word' id='word_1_116' title='bbox 40 1750 167 1830; x_wconf 87' lang='lat' dir='ltr'>pererint</span> <span class='ocrx_word' id='word_1_117' title='bbox 179 1747 375 1808; x_wconf 75' lang='lat' dir='ltr'>confessarios</span> <span class='ocrx_word' id='word_1_118' title='bbox 390 1747 439 1828; x_wconf 88' lang='lat' dir='ltr'>qui</span> <span class='ocrx_word' id='word_1_119' title='bbox 456 1766 567 1828; x_wconf 85' lang='lat' dir='ltr'>semper</span> <span class='ocrx_word' id='word_1_120' title='bbox 591 1756 650 1808; x_wconf 86' lang='lat' dir='ltr'>tam</span> <span class='ocrx_word' id='word_1_121' title='bbox 672 1744 755 1808; x_wconf 74' lang='lat' dir='ltr'>faede</span> <span class='ocrx_word' id='word_1_122' title='bbox 769 1748 818 1810; x_wconf 80' lang='lat' dir='ltr'>eos</span> 
     </span>
     <span class='ocr_line' id='line_1_19' title="bbox 39 1828 818 1918; baseline -0.003 -15"><span class='ocrx_word' id='word_1_123' title='bbox 39 1838 220 1914; x_wconf 80' lang='lat' dir='ltr'>absolvunt,</span> <span class='ocrx_word' id='word_1_124' title='bbox 238 1840 376 1899; x_wconf 84' lang='lat' dir='ltr'>amittunt</span> <span class='ocrx_word' id='word_1_125' title='bbox 393 1836 538 1898; x_wconf 88' lang='lat' dir='ltr'>horrorem</span> <span class='ocrx_word' id='word_1_126' title='bbox 558 1839 586 1897; x_wconf 91' lang='lat' dir='ltr'>in</span> <span class='ocrx_word' id='word_1_127' title='bbox 604 1837 765 1918; x_wconf 81' lang='lat' dir='ltr'>peccando,</span> <span class='ocrx_word' id='word_1_128' title='bbox 789 1828 818 1901; x_wconf 78' lang='lat' dir='ltr'>e&#39;t</span> 
     </span>
     <span class='ocr_line' id='line_1_20' title="bbox 39 1926 820 2019; baseline 0 -24"><span class='ocrx_word' id='word_1_129' title='bbox 39 1942 166 2019; x_wconf 81' lang='lat' dir='ltr'>pergunt</span> <span class='ocrx_word' id='word_1_130' title='bbox 182 1932 218 1993; x_wconf 82' lang='lat' dir='ltr'>ad</span> <span class='ocrx_word' id='word_1_131' title='bbox 236 1929 458 2013; x_wconf 88' lang='lat' dir='ltr'>putrescendum</span> <span class='ocrx_word' id='word_1_132' title='bbox 477 1933 507 1990; x_wconf 90' lang='lat' dir='ltr'>in</span> <span class='ocrx_word' id='word_1_133' title='bbox 523 1950 603 1992; x_wconf 85' lang='lat' dir='ltr'>coeno</span> <span class='ocrx_word' id='word_1_134' title='bbox 618 1934 752 1994; x_wconf 88' lang='lat' dir='ltr'>vitiorum</span> <span class='ocrx_word' id='word_1_135' title='bbox 766 1926 820 1995; x_wconf 59' lang='lat' dir='ltr'>usss</span> 
     </span>
     <span class='ocr_line' id='line_1_21' title="bbox 40 2023 821 2113; baseline 0 -23"><span class='ocrx_word' id='word_1_136' title='bbox 40 2050 102 2113; x_wconf 87' lang='lat' dir='ltr'>que</span> <span class='ocrx_word' id='word_1_137' title='bbox 120 2027 159 2088; x_wconf 85' lang='lat' dir='ltr'>ad</span> <span class='ocrx_word' id='word_1_138' title='bbox 179 2036 310 2087; x_wconf 86' lang='lat' dir='ltr'>mortem.</span> <span class='ocrx_word' id='word_1_139' title='bbox 333 2024 464 2105; x_wconf 82' lang='lat' dir='ltr'>Quidam</span> <span class='ocrx_word' id='word_1_140' title='bbox 481 2023 552 2084; x_wconf 90' lang='lat' dir='ltr'>DD.</span> <span class='ocrx_word' id='word_1_141' title='bbox 570 2025 616 2101; x_wconf 83' lang='lat'>(2)</span> <span class='ocrx_word' id='word_1_142' title='bbox 640 2024 821 2106; x_wconf 83' lang='lat' dir='ltr'>admittunt,</span> 
     </span>
     <span class='ocr_line' id='line_1_22' title="bbox 42 2118 822 2205; baseline -0.001 -22"><span class='ocrx_word' id='word_1_143' title='bbox 42 2120 205 2188; x_wconf 81' lang='lat' dir='ltr'>recidivum</span> <span class='ocrx_word' id='word_1_144' title='bbox 227 2120 292 2181; x_wconf 80' lang='lat' dir='ltr'>sotis</span> <span class='ocrx_word' id='word_1_145' title='bbox 314 2121 401 2200; x_wconf 84' lang='lat' dir='ltr'>signis</span> <span class='ocrx_word' id='word_1_146' title='bbox 422 2118 572 2181; x_wconf 86' lang='lat' dir='ltr'>ordinariis</span> <span class='ocrx_word' id='word_1_147' title='bbox 597 2119 707 2184; x_wconf 84' lang='lat' dir='ltr'>absolvi</span> <span class='ocrx_word' id='word_1_148' title='bbox 740 2141 822 2205; x_wconf 83' lang='lat' dir='ltr'>porse</span> 
     </span>
     <span class='ocr_line' id='line_1_23' title="bbox 42 2214 822 2300; baseline 0 -18"><span class='ocrx_word' id='word_1_149' title='bbox 42 2214 194 2300; x_wconf 85' lang='lat' dir='ltr'>usquead</span> <span class='ocrx_word' id='word_1_150' title='bbox 211 2218 324 2278; x_wconf 84' lang='lat' dir='ltr'>tertiam</span> <span class='ocrx_word' id='word_1_151' title='bbox 346 2226 377 2275; x_wconf 88' lang='lat' dir='ltr'>et</span> <span class='ocrx_word' id='word_1_152' title='bbox 396 2224 530 2296; x_wconf 81' lang='lat' dir='ltr'>quartam</span> <span class='ocrx_word' id='word_1_153' title='bbox 548 2217 665 2290; x_wconf 75' lang='lat' dir='ltr'>vicern3</span> <span class='ocrx_word' id='word_1_154' title='bbox 691 2215 740 2279; x_wconf 86' lang='lat' dir='ltr'>sed</span> <span class='ocrx_word' id='word_1_155' title='bbox 754 2219 822 2284; x_wconf 88' lang='lat' dir='ltr'>huic</span> 
     </span>
     <span class='ocr_line' id='line_1_24' title="bbox 42 2308 824 2397; baseline 0 -23"><span class='ocrx_word' id='word_1_156' title='bbox 42 2314 177 2397; x_wconf 86' lang='lat' dir='ltr'>opinioni</span> <span class='ocrx_word' id='word_1_157' title='bbox 191 2328 342 2389; x_wconf 85' lang='lat' dir='ltr'>nunquam</span> <span class='ocrx_word' id='word_1_158' title='bbox 355 2310 640 2388; x_wconf 73' lang='lat' dir='ltr'>potufaequiescere,</span> <span class='ocrx_word' id='word_1_159' title='bbox 654 2308 725 2375; x_wconf 86' lang='lat' dir='ltr'>dum</span> <span class='ocrx_word' id='word_1_160' title='bbox 734 2310 824 2374; x_wconf 86' lang='lat' dir='ltr'>habi·-</span> 
     </span>
     <span class='ocr_line' id='line_1_25' title="bbox 46 2400 822 2487; baseline -0.005 -18"><span class='ocrx_word' id='word_1_161' title='bbox 46 2417 147 2475; x_wconf 83' lang='lat' dir='ltr'>tuatus</span> <span class='ocrx_word' id='word_1_162' title='bbox 161 2404 211 2487; x_wconf 89' lang='lat' dir='ltr'>qui</span> <span class='ocrx_word' id='word_1_163' title='bbox 229 2411 292 2484; x_wconf 82' lang='lat' dir='ltr'>post</span> <span class='ocrx_word' id='word_1_164' title='bbox 310 2420 399 2462; x_wconf 83' lang='lat' dir='ltr'>unam</span> <span class='ocrx_word' id='word_1_165' title='bbox 418 2400 624 2462; x_wconf 86' lang='lat' dir='ltr'>confessionem</span> <span class='ocrx_word' id='word_1_166' title='bbox 641 2401 741 2464; x_wconf 81' lang='lat' dir='ltr'>recidit</span> <span class='ocrx_word' id='word_1_167' title='bbox 760 2406 822 2465; x_wconf 81' lang='lat' dir='ltr'>sine</span> 
     </span>
     <span class='ocr_line' id='line_1_26' title="bbox 42 2492 824 2575; baseline -0.006 -10"><span class='ocrx_word' id='word_1_168' title='bbox 42 2497 271 2573; x_wconf 79' lang='lat' dir='ltr'>emendatione,</span> <span class='ocrx_word' id='word_1_169' title='bbox 293 2499 352 2575; x_wconf 82' lang='lat' dir='ltr'>jam</span> <span class='ocrx_word' id='word_1_170' title='bbox 369 2505 412 2557; x_wconf 89' lang='lat' dir='ltr'>est</span> <span class='ocrx_word' id='word_1_171' title='bbox 432 2515 518 2557; x_wconf 86' lang='lat' dir='ltr'>verus</span> <span class='ocrx_word' id='word_1_172' title='bbox 533 2493 696 2573; x_wconf 88' lang='lat' dir='ltr'>recidivus,</span> <span class='ocrx_word' id='word_1_173' title='bbox 713 2504 742 2559; x_wconf 85' lang='lat' dir='ltr'>et</span> <span class='ocrx_word' id='word_1_174' title='bbox 754 2492 824 2561; x_wconf 81' lang='lat' dir='ltr'>suu&#39;·</span> 
     </span>
     <span class='ocr_line' id='line_1_27' title="bbox 45 2582 823 2673; baseline 0.004 -17"><span class='ocrx_word' id='word_1_175' title='bbox 45 2582 163 2659; x_wconf 75' lang='lat' dir='ltr'>datam</span> <span class='ocrx_word' id='word_1_176' title='bbox 174 2591 280 2672; x_wconf 76' lang='lat' dir='ltr'>prebet</span> <span class='ocrx_word' id='word_1_177' title='bbox 297 2592 486 2670; x_wconf 85' lang='lat' dir='ltr'>suspicionem</span> <span class='ocrx_word' id='word_1_178' title='bbox 508 2609 568 2650; x_wconf 85' lang='lat' dir='ltr'>suae</span> <span class='ocrx_word' id='word_1_179' title='bbox 589 2588 823 2673; x_wconf 78' lang='lat' dir='ltr'>indispositionis.</span> 
     </span>
     <span class='ocr_line' id='line_1_28' title="bbox 47 2682 823 2767; baseline -0.01 -11"><span class='ocrx_word' id='word_1_180' title='bbox 47 2694 91 2757; x_wconf 74' lang='lat' dir='ltr'>Et</span> <span class='ocrx_word' id='word_1_181' title='bbox 102 2698 218 2753; x_wconf 90' lang='lat' dir='ltr'>notetur</span> <span class='ocrx_word' id='word_1_182' title='bbox 231 2682 277 2747; x_wconf 89' lang='lat' dir='ltr'>hic</span> <span class='ocrx_word' id='word_1_183' title='bbox 289 2683 367 2767; x_wconf 92' lang='lat' dir='ltr'>quod</span> <span class='ocrx_word' id='word_1_184' title='bbox 376 2685 436 2749; x_wconf 82' lang='lat' dir='ltr'>haec</span> <span class='ocrx_word' id='word_1_185' title='bbox 453 2685 548 2765; x_wconf 83' lang='lat' dir='ltr'>regula</span> <span class='ocrx_word' id='word_1_186' title='bbox 562 2686 715 2767; x_wconf 87' lang='lat' dir='ltr'>procedat,</span> <span class='ocrx_word' id='word_1_187' title='bbox 735 2686 823 2748; x_wconf 84' lang='lat' dir='ltr'>etiam</span> 
     </span>
     <span class='ocr_line' id='line_1_29' title="bbox 50 2779 824 2867; baseline -0.005 -23"><span class='ocrx_word' id='word_1_188' title='bbox 50 2792 182 2867; x_wconf 69' lang='lat' dir='ltr'>respectu</span> <span class='ocrx_word' id='word_1_189' title='bbox 206 2780 354 2866; x_wconf 84' lang='lat' dir='ltr'>culparum</span> <span class='ocrx_word' id='word_1_190' title='bbox 379 2779 537 2844; x_wconf 77' lang='lat' dir='ltr'>venialium</span> <span class='ocrx_word' id='word_1_191' title='bbox 559 2800 567 2853; x_wconf 68' lang='grc' dir='ltr'><strong>ς</strong></span> <span class='ocrx_word' id='word_1_192' title='bbox 587 2783 721 2860; x_wconf 73' lang='lat' dir='ltr'>quamvis</span> <span class='ocrx_word' id='word_1_193' title='bbox 746 2782 824 2842; x_wconf 80' lang='lat' dir='ltr'>entu&#39;r</span> 
     </span>
    </p>
   </div>
   <div class='ocr_carea' id='block_1_3' title="bbox 89 2968 506 3052">
    <p class='ocr_par' dir='ltr' id='par_1_4' title="bbox 89 2968 506 3052">
     <span class='ocr_line' id='line_1_30' title="bbox 89 2968 506 3052; baseline -0.019 -14"><span class='ocrx_word' id='word_1_194' title='bbox 89 2990 129 3052; x_wconf 87' lang='lat' dir='ltr'>(r)</span> <span class='ocrx_word' id='word_1_195' title='bbox 147 2968 247 3037; x_wconf 78' lang='lat' dir='ltr'>ibidem</span> <span class='ocrx_word' id='word_1_196' title='bbox 261 2997 313 3036; x_wconf 84' lang='lat' dir='ltr'>ver.</span> <span class='ocrx_word' id='word_1_197' title='bbox 328 2980 474 3034; x_wconf 83' lang='lat' dir='ltr'>Recidivus.</span> <span class='ocrx_word' id='word_1_198' title='bbox 504 2984 506 2989; x_wconf 88' lang='lat'>&#39;</span> 
     </span>
    </p>
   </div>
   <div class='ocr_carea' id='block_1_4' title="bbox 0 0 1002 3608">
    <p class='ocr_par' dir='ltr' id='par_1_5' title="bbox 0 0 1002 3608">
     <span class='ocr_line' id='line_1_31' title="bbox 0 0 1002 3608; baseline 0 0"><span class='ocrx_word' id='word_1_199' title='bbox 0 0 1002 3608; x_wconf 95' lang='lat' dir='ltr'> </span> 
     </span>
    </p>
   </div>
  </div>
 </body>
</html>
