1956 3608
115 285 172 346 180
335 294 438 343 enixus
458 292 663 342 corrrssaan.

104 393 209 451 anima
231 390 363 471 potentiae
389 389 560 469 ooiiiguntur
578 387 616 448 ad
638 383 873 450 considerandum

103 484 200 543 Deum
215 487 287 543 intra
303 502 333 542 se
349 504 358 553 ς
384 492 412 543 et
426 481 530 544 dicitur
541 484 716 551 naturalis,
735 500 794 540 non
812 482 872 561 quia

103 580 199 637 anima
221 596 256 636 ex
277 596 306 636 se
326 576 420 638 valeat
441 577 520 636 iliam
536 578 642 656 operari
661 597 668 633 ε
685 577 783 636 omnis
800 578 876 635 euim

100 673 175 731 'actio
188 672 323 743 virtutis,
343 680 375 730 ut
389 673 475 750 possit
492 681 631 729 eternum
649 670 800 748 praemium
813 687 873 748 pro·

103 767 225 837 mereri,
241 762 347 842 indiget
364 763 472 825 auxilio
486 765 604 842 gratim
627 760 707 821 unde
721 763 872 839 generatim

102 854 248 938 loquendo
268 868 309 919 est
330 861 417 919 etiam
443 855 686 938 superrraturuiiss
713 855 765 915 sed
786 869 873 917 notu·

101 951 178 1012 ratic
192 949 294 1010 dicitur
304 952 371 1031 quia
386 951 481 1009 anima
495 958 561 1008 tunc
575 957 616 1006 est
630 950 660 1006 in
675 955 752 1006 statu
763 949 872 1020 activo,

103 1053 132 1103 et
143 1043 281 1101 beneficio
290 1044 384 1119 gratiae
395 1040 543 1101 ordinariae
555 1050 697 1119 operatur.
708 1040 872 1100 Recoiiectio

102 1155 171 1197 vero
184 1137 425 1213 supernaturalis
439 1144 481 1194 est
492 1134 539 1194 itta
551 1154 639 1214 quam
653 1144 788 1214 operatur
797 1134 871 1194 neos

104 1231 264 1291 ministerio
288 1228 438 1307 cujusdam
465 1230 560 1306 gratia
579 1225 871 1302 ventrsrordiuariae‚et

102 1344 153 1407 per
163 1345 251 1405 quam
264 1323 344 1382 Deus
354 1323 469 1384 collocat
479 1325 605 1381 animam
619 1324 647 1380 in
658 1331 733 1382 statu
745 1324 872 1402 passivos

101 1418 143 1477 ita
158 1426 191 1476 ut
203 1415 356 1477 recollectio
370 1415 610 1494 supernaturaiis,
628 1432 677 1472 seu
696 1415 792 1475 infusa
809 1426 872 1475 tnnc

103 1510 213 1590 proprie
230 1508 370 1569 habeatur
384 1550 393 1581 ‚
414 1507 532 1586 quando
545 1508 670 1568 collectio
683 1512 871 1587 potentiarum

102 1621 161 1665 uon
184 1605 282 1663 evenit
305 1622 388 1683 opera
410 1605 498 1682 ipsius
519 1604 643 1676 animm,
667 1601 718 1669 sed
737 1604 873 1665 beneficio

102 1696 173 1760 iuris
186 1718 275 1778 quam
287 1697 366 1756 Deus
376 1695 519 1769 infundit,
535 1706 564 1756 et
577 1716 626 1775 per
636 1716 725 1775 quern
738 1701 872 1758 excitatur

102 1792 134 1851 in
150 1795 245 1851 anima
262 1810 382 1867 magnus
395 1800 424 1850 et
439 1788 580 1850 sensibilis
592 1810 674 1849 arnor
688 1788 817 1851 divinus.
840 1791 871 1849 iu

101 1882 155 1944 hoc
176 1894 250 1944 statu
280 1893 402 1943 nonest
427 1882 550 1961 cogenda
575 1885 670 1943 anima
695 1884 733 1943 ad
756 1903 872 1967 sospen-

101 1974 229 2035 dendnrn
243 1974 427 2056 tranquillum
438 1993 503 2034 eurn
517 1973 692 2050 discursum,
704 1995 794 2054 quem
806 1978 872 2037 forte

102 2069 128 2127 ei
143 2066 193 2127 lux
207 2069 267 2148 ipsa
284 2071 409 2128 suaviter
422 2069 577 2125 insinuaret
596 2086 604 2122 ε
627 2066 870 2144 quemadmodum

101 2180 155 2222 nec
172 2160 255 2222 debet
267 2160 431 2220 incumbere
443 2157 660 2218 considerationi
675 2178 771 2221 rerum
785 2162 872 2241 parti·

101 2254 260 2327 solarium,
278 2262 328 2336 aut
338 2252 621 2313 determinationibus
635 2272 708 2332 quas
720 2254 798 2315 valet
808 2252 871 2314 effi·

102 2367 174 2410 sere.
189 2349 250 2409 Nec
263 2346 347 2409 debet
356 2349 495 2409 'curiosius
506 2349 676 2425 investigare
686 2348 871 2427 quidnanstt

103 2447 219 2504 interior
234 2464 264 2504 ea
279 2445 395 2524 spiritus
403 2440 562 2520 recollectio
574 2463 582 2512 ;
598 2440 647 2500 sed
660 2444 737 2501 sinat
751 2461 781 2502 se
793 2441 869 2518 dirigi

102 2559 119 2598 a
139 2540 201 2597 Deo
214 2537 250 2597 ad
265 2524 484 2597 considerandas
500 2555 542 2594 res
557 2533 619 2594 iilas
630 2575 646 2610 ‚-
658 2535 780 2616 illosque
795 2547 870 2599 actus

100 2629 262 2701 iaciendos,
278 2629 315 2689 ad
327 2649 399 2709 quos
408 2648 438 2686 se
448 2630 538 2705 magis
548 2648 564 2687 a
576 2629 639 2688 Deo
647 2626 711 2688 serri
722 2632 870 2708 cognoscit.

102 2752 106 2759 ·
148 2726 211 2798 154.
233 2719 383 2783 Secundus
397 2719 500 2800 gradus
513 2731 556 2781 est
567 2723 683 2800 quietis.
694 2723 728 2780 ln
744 2722 870 2784 recoiles-

104 2825 198 2896 tione,
215 2821 259 2879 vis
273 2819 379 2877 amoris
393 2817 619 2877 communicatur
631 2813 798 2876 immediate
811 2837 870 2878 seu·

105 2920 182 2977 sibus
200 2915 345 2985 externis,
371 2930 442 2991 quos
463 2911 543 2969 Deus
565 2911 625 2989 ipse
646 2910 720 2968 intra
742 2913 869 2971 animam

103 3012 169 3071 i'acit
178 3007 315 3085 coiiigere.
330 3003 387 3065 Sed
397 3008 426 3063 in
438 3005 549 3083 quiete,
560 3021 640 3062 amor
646 3005 871 3064 communicatur

105 3098 270 3158 immediate
280 3098 390 3174 spiritui
401 3098 429 3154 irr
442 3097 502 3173 ipso
512 3096 615 3152 anima}
623 3103 719 3153 centro
730 3113 739 3163 3
750 3104 779 3153 et
791 3112 870 3154 amor

92 3194 157 3272 ipse
171 3198 218 3254 eat
236 3185 406 3267 ardentior,
417 3187 471 3268 qui
487 3183 593 3247 tenue
609 3185 698 3244 etiam
713 3183 756 3242 ad
773 3202 870 3246 musas
