1956 3608
161 206 189 280 §.
202 223 235 265 v.
248 220 371 264 mourut
382 220 471 263 maes
483 219 613 263 taonem
625 222 665 265 ur·
676 223 774 265 nour.
816 205 874 269 aas
905 232 910 241 ·

161 405 242 480 §.lb
255 405 376 483 Manita
387 403 818 489 circaAgonernetMortem.

142 598 217 676 276.
233 594 310 659 Cure
326 595 462 656 infirmus
475 591 514 655 ad
526 608 646 673 agonem
663 601 810 677 pervenit,
829 616 881 659 so-

99 688 160 752 litis
176 690 306 752 Ecclesiae
321 692 425 765 armis,
440 689 478 750 ad
488 690 725 768 eumjuvandum
737 703 880 772 quantum

102 796 217 867 potest,
243 784 380 848 Sacerdos
405 795 511 847 utetur.
543 808 569 846 ι.
594 785 706 866 Saepius
731 786 881 848 infirmum

102 901 179 959 aqua
195 879 345 941 benedicta
363 889 511 959 aspergat,
526 881 684 960 praesertim
695 883 719 939 si
734 877 883 940 diabolicis

102 970 884 1053 tentationibusexagitatur,dicendo:EscsargotDeas,
919 1046 924 1057 Ι

103 1080 131 1126 et
143 1066 331 1144 dissipemur
344 1065 464 1126 inimici
479 1071 557 1140 eius.
576 1088 605 1127 2.
622 1065 723 1126 Crucis
736 1062 883 1143 signaculo
926 1070 929 1077 '

103 1175 170 1219 euru
185 1161 320 1232 muniat,
345 1169 372 1218 et
388 1159 561 1232 benedicat,
579 1156 697 1218 dioens:
717 1159 883 1220 Benedicat

103 1263 131 1310 te
149 1255 237 1311 Deus
258 1252 368 1323 Pater,
394 1250 492 1325 quite
512 1250 627 1308 creavit
643 1265 655 1316 ,¹
680 1246 882 1309 benedicatis

102 1343 221 1416 Filius,
247 1343 349 1420 quite
374 1341 503 1402 redemit
528 1365 539 1410 ,·
570 1341 729 1402 benedicat
749 1339 882 1418 Spiritus

102 1440 259 1506 Sanctus,
276 1434 330 1513 qni
340 1432 588 1514 tesoncttficavit.
604 1435 633 1496 3.
645 1433 803 1495 Salvatoris
813 1452 883 1494 nec·
910 1456 925 1477 ⁴

104 1518 171 1588 ndn'·
185 1527 285 1586 Mariae
303 1527 431 1605 aliquam
449 1510 602 1601 imdginem
626 1532 729 1608 saepius
746 1526 894 1589 osculau-·

105 1619 172 1681 dam
203 1621 336 1700 prebeat·
363 1623 393 1692 4.
424 1617 513 1678 Curet
540 1628 572 1677 ut
596 1620 729 1679 infirmus
759 1621 883 1680 lucretur

105 1732 206 1773 omnes
223 1710 416 1789 indulgentias
439 1729 512 1790 quas
533 1719 650 1790 potest,
672 1720 702 1770 et
726 1716 882 1789 prasertim

105 1808 224 1886 accipiat
242 1805 469 1867 benedictionem
486 1807 516 1864 iu
533 1805 652 1865 articulo
673 1807 798 1878 mortis,
824 1805 893 1865 Bu.-

105 1899 211 1962 nedicti
226 1899 325 1976 xiv,
346 1919 413 1960 curu
436 1897 610 1976 indulgentia
630 1897 775 1979 plenaria,
793 1918 892 1978 quem·

105 1994 202 2070 infra,
223 2016 310 2055 num.
332 1991 408 2073 287,
430 1992 643 2054 adnotabimus.
664 1993 693 2056 5.
720 1991 883 2054 Identidem

106 2095 238 2163 suggerat
264 2087 391 2167 aliquam
416 2088 588 2147 sententiam
614 2084 743 2156 doloris,
767 2087 884 2147 confor-

106 2182 234 2254 mitatis,
259 2183 318 2262 spei
333 2183 364 2240 in
378 2181 497 2243 Domini
515 2184 694 2261 passionem,
718 2201 751 2241 ac
764 2180 798 2240 Β.
816 2181 890 2242 Ma·-

107 2277 156 2336 riae
179 2277 437 2349 intercessionem,
465 2295 578 2337 necnon
605 2275 735 2337 desiderii
764 2274 883 2337 videndi

106 2370 217 2430 Deum.
245 2368 334 2428 Curet
348 2377 446 2428 tamen
465 2367 603 2428 Sacerdos
622 2370 805 2431 intervallum
826 2370 885 2432 ali·

109 2462 187 2544 quod
207 2465 403 2543 interponere,
421 2469 455 2523 ut
479 2461 612 2520 infirmus
629 2462 756 2535 babeat,
782 2472 809 2521 et
831 2482 884 2522 ru-

109 2554 241 2620 minandi
261 2566 395 2636 tempus,
421 2564 449 2616 et
468 2554 644 2635 quiescendi.
660 2558 690 2616 6.
713 2555 835 2617 Student
850 2567 885 2620 ut
944 2562 947 2569 '

109 2654 265 2731 sepissime
281 2649 336 2710 ss,
357 2650 424 2711 lesa
447 2659 476 2711 et
495 2650 595 2711 Mariae
610 2644 752 2727 nomina]
782 2651 884 2730 salte'rn

111 2745 216 2821 corde,
239 2748 262 2804 si
278 2743 354 2824 loqui
370 2764 429 2805 non
444 2754 555 2826 potest,
576 2748 708 2821 invocet,
724 2766 757 2806 ac
773 2746 884 2806 multo-

112 2842 165 2899 ties
179 2838 254 2901 dieat
267 2842 422 2900 orationem
438 2838 535 2900 illam:
551 2839 676 2911 Morio,
696 2851 795 2898 mater
805 2859 885 2915 gra·

110 2931 182 3006 tica,
201 2945 258 2992 etc.
280 2951 309 3009 7.
329 2935 439 3009 Agonis
452 2942 579 3009 tempore
599 2929 686 2988 saciat
704 2938 737 2987 ut
758 2931 885 2989 circurn-

113 3033 221 3084 slautes
245 3023 350 3104 pluries
372 3024 406 3084 B.
431 3024 532 3090 Maria
554 3022 673 3098 virginis
699 3019 812 3082 litanias
832 3043 885 3102 pru

103 3126 217 3199 egroto
239 3116 346 3182 dicant.
386 3115 623 3185 Proderitetiam
646 3134 817 3200 procurare,
848 3125 885 3180 ,ut
