1956 3608
179 207 206 280 §.
220 223 264 264 ur.
280 218 433 273 tuncrus
446 221 501 278 our
516 219 664 277 suoomr,
678 184 731 264 etc.
782 204 839 285 289
948 196 951 201 ’

105 310 174 374 Ilios
189 310 455 374 tuosmisericordes
466 310 561 372 oculos
574 310 611 372 ad
625 331 678 371 nos
690 321 840 388 converte,

61 417 93 467 et
106 408 205 470 Jesum
215 450 225 482 ,
235 404 417 468 benedictum
433 405 556 466 fructum
566 407 676 468 ventris
688 408 747 481 tui,
757 406 840 465 uobis

63 500 196 582 posthoc
209 500 340 562 exsilium
357 496 484 559 ostende.
886 562 889 567 ,

104 596 134 654 Ο
150 596 243 655 Maria
258 594 357 654 inuno
369 602 483 672 tempus
496 601 538 652 est
554 591 709 679 auxiliandi
723 610 839 655 servum

64 695 159 747 tuum.

102 782 199 841 Mater
212 800 294 856 mea,
308 801 346 841 ne
360 768 541 859 derelinquas
555 796 612 838 me.

99 876 131 934 Ο
143 873 287 954 paradise!
302 873 450 954 dpuiehra
463 874 572 953 patria
565 871 571 914 ¹
584 870 716 932 dammis
724 873 836 952 patria
828 871 835 916 ¹

61 966 183 1047 quando
198 977 224 1027 te
237 967 363 1029 videbo!

101 1061 183 1120 Deus
211 1081 319 1140 meus,
346 1060 505 1143 quandone
527 1060 600 1122 facie
618 1058 656 1121 ad
680 1059 783 1183 satiem
809 1030 838 1123 u

60 1153 190 1213 amabo!

101 1244 292 1324 Quandone,
309 1246 377 1306 Jesn
399 1248 459 1321 mi,
486 1255 514 1307 te
530 1263 589 1306 non
602 1242 730 1324 amptius
744 1248 837 1309 anti

60 1338 140 1401 teudi
154 1358 269 1400 securus
286 1340 354 1399 ero!

99 1435 181 1494 Deus
199 1441 305 1510 meus,
326 1444 354 1495 et
369 1433 490 1496 omnia!

98 1525 260 1586 Contentus
275 1547 339 1586 sum
353 1531 449 1586 omnia
467 1529 614 1603 amittere,
639 1537 672 1589 ut
687 1530 833 1611 acquiram

58 1629 105 1697 te,
128 1621 210 1681 Deus
227 1639 319 1680 meus.
402 1643 405 1647 ’
720 1673 722 1677 .

98 1715 180 1774 Deus
204 1733 306 1791 meus,
331 1721 444 1793 propter
463 1730 590 1772 amorem
607 1711 676 1773 Jesu
702 1716 835 1778 miserere

58 1811 126 1869 mei.
212 1840 216 1847 ,

96 1905 182 1964 Mitte
199 1923 264 1977 me,
279 1902 424 1976 Domine,
441 1903 472 1960 in
487 1905 638 1983 purgatorii
652 1905 765 1982 ignem,
781 1924 832 1986 per

55 2007 199 2078 quantum
214 1999 281 2066 vis3
303 1992 363 2054 nott
378 2002 476 2054 temen
494 1997 524 2053 in
542 1995 707 2071 infernum,
734 2000 785 2060 ubi
802 2010 831 2063 te

52 2110 154 2154 amare
170 2110 229 2151 non
248 2109 368 2170 possem.

95 2187 141 2249 'fe
155 2206 220 2264 ergo
231 2205 398 2268 quaesumus
413 2187 468 2246 tuis
476 2185 593 2247 famulis
603 2187 741 2266 subveni,
754 2209 826 2270 quos
926 2206 930 2223 ²

54 2283 179 2363 pretioso
192 2280 329 2353 sanguine
344 2276 495 2338 redemisti.

96 2373 214 2432 AEteme
231 2369 334 2442 Deus,
361 2387 442 2447 spero
459 2377 489 2427 et
500 2372 585 2450 cupio
599 2373 630 2431 iu
647 2381 785 2437 aetemum
800 2386 830 2437 te
882 2389 891 2407 “
912 2368 933 2421 ’-

54 2485 162 2528 amare.

96 2562 187 2622 Amor
200 2578 281 2620 meus
295 2555 447 2618 cmcifixus
459 2563 512 2615 est.
530 2554 614 2616 Jesus
628 2576 733 2638 meus,
748 2568 829 2628 amor

54 2679 137 2721 meus
150 2677 200 2738 pro
215 2675 261 2715 me
273 2662 401 2713 mortuus
414 2661 466 2712 est.

96 2750 195 2822 Deus,
210 2750 240 2807 in
250 2744 424 2824 adjutorium
433 2764 529 2806 meum
540 2745 676 2823 intende,
689 2749 828 2832 Domine,

52 2845 93 2909 ad
108 2842 330 2921 adjuvandum,
352 2851 407 2902 etc.

95 2938 178 2997 Pater
188 2947 309 3010 aeteme,
324 2944 436 3014 propter
449 2951 576 2993 amorem
586 2933 655 2993 Jesu
671 2934 776 2998 Christi
787 2939 825 3004 da

51 3027 126 3094 mihi
141 3029 259 3105 gratiam
279 3035 369 3086 tuam.
391 3026 436 3085 Te
450 3044 536 3098 amo,
555 3044 601 3083 me
615 3029 741 3105 poenitet.

93 3121 248 3202 Quomodo
267 3139 382 3202 possum
400 3117 436 3181 de
454 3128 495 3182 tot
515 3123 659 3202 tantisque
680 3124 826 3192 beneficiis

674 3215 710 3278 u
