1956 3608
165 233 193 308 §.
203 251 238 325 n,
254 249 295 292 na
304 245 458 293 oatmorm
471 246 666 311 consanam,
680 245 734 298 etc.
778 236 833 301 185

64 341 267 410 ideoevasisse
281 343 519 422 impeccabilem,
540 354 570 405 et
586 355 755 426 propterea,
781 362 841 425 quo

64 441 155 514 magis
165 456 195 497 se
205 435 309 497 videta
324 437 386 497 Deo
396 436 563 514 hujusmodi
574 443 670 517 gratiis
681 437 816 499 donatam
829 478 842 515 ,

65 549 98 589 eo
123 534 212 609 magis
225 544 294 591 ‘esse
315 529 399 590 debet
420 530 575 607 humilior,
597 540 625 592 et'
645 535 682 594 ab
704 533 839 594 omnibus

64 623 204 701 alienata,
221 627 305 684 unice
318 622 461 700 diligendo
475 642 603 699 crucem,
618 635 646 684 et
662 625 788 687 vivendo
806 626 839 685 in

64 726 156 777 totum
171 716 280 778 divinis
302 715 537 796 dispositionibus
555 717 747 792 uniformia,
771 738 837 780 eum

63 806 179 868 assiduo
193 810 295 868 timore
306 806 384 886 quod
399 825 458 866 suae
476 805 661 867 infidelitates
670 827 706 867 ex
718 826 752 866 eo
765 817 838 868 tem·

62 920 130 979 pore
143 901 273 961 acerbius
289 901 462 978 punientur,
481 900 518 958 ob
533 897 670 976 majorem
687 919 743 980 qua
757 920 841 960 com·
907 910 910 915 '

62 996 216 1053 mittentur
229 992 472 1071 ingratitudinem.
488 994 588 1074 Inquit
597 992 630 1054 S.
641 992 782 1055 Theresia
792 998 838 1067 (r)

61 1087 117 1145 sibi
132 1087 257 1161 cognitas
270 1084 364 1165 piures
381 1087 491 1146 animas
505 1104 570 1165 quae
587 1127 596 1159 ,
620 1105 685 1147 cum
701 1094 784 1147 antea
800 1083 839 1145 ad

63 1177 262 1241 honestatum
278 1181 392 1238 unionis
403 1177 614 1253 ascendissent,
628 1188 724 1258 postea
733 1180 763 1236 in
775 1198 839 1258 pec-
935 1232 938 1237 .

62 1280 123 1330 cata
140 1271 270 1330 mortalia
287 1273 444 1350 precipites
456 1270 631 1332 ceciderunt.

107 1362 173 1437 1¹37.
195 1362 268 1421 Tres
289 1359 395 1426 dantur
416 1365 521 1442 species
545 1362 682 1435 unionis,
706 1372 734 1422 et
747 1371 837 1422 sunt:

68 1455 140 1512 nnio
164 1454 325 1532 simplex,
350 1457 418 1516 unio
442 1456 701 1533 desponsationis,
723 1457 859 1518 ebunio.

62 1561 304 1619 eonsummatos,
326 1565 390 1624 quae
413 1558 532 1606 vocatur
557 1551 626 1607 unio
650 1544 838 1609 matrimonii

60 1638 237 1715 spiritualis.
267 1638 343 1696 Unio
357 1638 478 1717 simplex
493 1647 536 1697 est
554 1637 600 1697 iiia
621 1638 656 1696 de
672 1658 728 1716 qua
744 1658 837 1718 usque

61 1726 155 1788 adbuc
179 1727 264 1788 locuti
290 1749 400 1789 sumus.
435 1727 595 1788 Dicendum
622 1749 701 1788 nunc
731 1740 773 1788 est
801 1729 840 1791 de

48 1823 166 1880 ‘unione
179 1821 433 1898 desponsationis.
461 1821 543 1881 Hanc
557 1825 692 1882 unionem
707 1821 777 1882 solet
791 1842 838 1881 or·

60 1911 170 1972 dinarie
183 1911 338 1992 praeoedere
352 1912 469 1974 ariditas
482 1915 677 1974 substantialis
690 1957 700 1987 ,
717 1934 781 1992 quae
793 1924 839 1974 est

60 2007 189 2084 purgatio
204 2007 340 2083 spiritus,
363 2005 398 2065 de
407 2025 463 2085 qua
474 2009 532 2081 jam
542 2025 625 2084 supra
639 2005 724 2065 locuti
735 2026 837 2067 sumus

59 2119 93 2157 n.
113 2115 178 2173 ¹⁰7·
202 2099 238 2155 ln
250 2097 304 2157 hae
322 2118 389 2158 vero
406 2101 514 2158 unione
535 2096 764 2177 desponsationis
780 2108 836 2157 tres

60 2199 127 2248 sunt
134 2189 183 2263 ,atii
194 2189 297 2266 gradus
308 2190 429 2265 diversi,
445 2192 549 2252 scilieet
560 2190 694 2265 extasis,
708 2202 834 2269 roptns,

60 2289 89 2339 et
101 2281 272 2339 elevationis
293 2283 427 2355 spiritns.
451 2283 485 2339 ln
509 2282 628 2360 simplici
651 2285 756 2341 unione
771 2301 836 2341 sus·¹
872 2307 874 2311 ·

61 2369 227 2450 penduntur
240 2371 395 2448 potentiae,
419 2368 470 2428 sed
490 2390 549 2429 non
571 2388 670 2428 sensus
687 2375 836 2449 corporei,

60 2465 196 2544 quamvis
210 2460 239 2520 bi
256 2472 422 2522 remaneant
435 2460 519 2520 vaide
533 2462 642 2522 infirmi
656 2461 693 2519 ad
715 2479 835 2540 operan-

61 2559 144 2618 dum.
165 2559 201 2617 ln
215 2560 321 2617 unione
337 2568 434 2617 autem
448 2558 552 2616 extasis
567 2558 706 2616 amittitur
720 2575 836 2637 qnoque

61 2669 133 2711 usus
147 2669 305 2721 sensuum,
330 2652 369 2708 ita
386 2660 416 2708 ut
431 2669 549 2728 persona
564 2668 622 2708 non
639 2648 757 2724 videat,
774 2669 833 2710 non

62 2742 182 2814 audiat,
195 2751 223 2800 et
233 2761 291 2800 non
303 2745 436 2820 percipiat
449 2761 543 2821 neque
553 2743 725 2815 incisiones,
739 2762 835 2820 neque

61 2836 241 2899 adustiones..
268 2835 379 2914 Raptus
399 2855 466 2895 vero
487 2834 557 2894 nihii
580 2832 658 2892 aliud
680 2844 722 2893 est
745 2853 833 2911 quam

61 2928 211 3008 impiessio
221 2927 351 3004 quaedam
361 2930 454 3004 gratiae
466 2926 607 2997 validior,
620 2946 677 3004 qua
692 2925 835 2988 Dominus

62 3042 122 3083 non
135 3019 226 3080 solum
238 3019 329 3078 elevat
339 3023 465 3079 animam
478 3018 513 3077 ad
525 3020 677 3095 unionem,
689 3016 834 3081 sedetiam

98 3147 139 3204 (r)
158 3141 243 3190 stans.
260 3141 278 3190 V
293 3146 319 3190 et.
337 3140 379 3191 t't.
