1956 3608
159 212 219 284 248
379 224 483 268 rueme
505 223 707 268 conressann.

154 320 242 381 nihili
256 320 365 398 abysso
377 320 533 381 demersus
544 323 736 392 majestatem
750 331 837 379 tuam
851 323 928 382 ado·

154 437 201 475 ro.
220 434 248 474 a.
264 416 412 481 Domine,
424 426 550 490 propter
557 426 684 491 peecata
695 434 767 473 ntea
777 434 862 474 nunc
874 435 927 494 rgo

151 511 183 569 in
210 512 331 586 inferno
358 509 543 569 cruciandus
571 529 664 569 essem
690 533 701 578 ‚-
733 530 782 569 me
804 512 929 588 poenitet

150 597 309 671 otfrendisse
321 612 348 660 te
365 625 373 660 :
396 623 452 676 per
462 601 607 678 pietatem
622 615 708 663 tuum
727 603 804 661 milri
822 623 928 678 parce.

150 700 178 758 3.
198 699 291 755 Pater
309 710 441 769 ceterae,
462 710 588 773 propter·
607 697 714 755 Jesum
736 710 765 755 et
787 699 926 757 Mariam

144 791 251 865 praebe
272 791 349 848 mihi
366 791 464 849 lucem
484 803 570 849 tuum
584 788 615 847 in
631 790 690 848 huc
706 791 866 867 oratione,
894 804 927 851 ut

145 885 186 944 ab
198 887 383 961 eufrurtum
394 885 575 962 percipiam.
592 881 704 941 Deinde
715 881 925 949 dicatursemei

146 976 280 1035 salutatio
295 975 418 1052 angelica
434 976 534 1035 Mariae
550 974 626 1047 SS.‚
653 985 684 1033 ut
697 978 757 1053 ipsa
774 974 851 1037 hanc
869 978 926 1036 im·

138 1080 230 1149 petret
246 1069 336 1130 lucem
349 1113 357 1141 ‚
373 1081 402 1128 et
415 1070 500 1128 semei
513 1070 618 1130 Gloria
634 1071 718 1128 Patri
730 1068 761 1128 S.
775 1070 922 1151 dumpho,

144 1163 254 1241 Angelo
267 1162 430 1237 custodi,et
441 1163 472 1222 S.
485 1172 614 1242 patrone.
630 1162 668 1220 Hi
681 1173 761 1221 actus
775 1163 846 1223 fiant
856 1184 922 1224 cum

142 1262 231 1318 animi
248 1262 420 1333 attentione,
435 1256 484 1317 sed
496 1259 636 1332 breviter,
651 1267 677 1316 et
693 1259 789 1317 stati-m
804 1278 919 1338 progre-

147 1352 242 1413 diatur
255 1353 291 1412 ad
308 1353 534 1412 meditationem.

186 1446 824 1527 220.Circameditationem‚juvatiilumqui
835 1449 926 1526 legere

143 1544 194 1601 scit
205 1583 214 1614 ,
226 1543 267 1599 uti
277 1540 373 1618 atiquo
384 1540 473 1613 libre,
484 1539 665 1601 sistendoubi
678 1544 782 1601 sentiat
790 1542 923 1601 animum

144 1656 231 1696 suum
258 1637 376 1695 moueri.
402 1637 451 1694 Ait
476 1634 508 1694 S.
532 1636 699 1696 Franciscus
721 1635 873 1710 salesius,
895 1638 923 1695 iu

144 1729 200 1791 hae
216 1751 245 1789 re
261 1729 362 1789 debere
375 1749 427 1790 nos
443 1749 509 1809 apes
524 1731 650 1804 imitari,
670 1750 733 1808 quae
749 1728 850 1789 tandiu
866 1749 925 1789 mo·

147 1836 248 1884 rantur
272 1843 356 1902 super
380 1843 438 1882 uno
461 1822 552 1897 flore,
578 1821 741 1902 usquedum
758 1833 851 1883 totum
869 1810 923 1883 inei

146 1919 339 1991 extraxerint,
354 1927 382 1976 et
395 1927 490 1996 postea
506 1915 543 1976 ad
558 1917 648 1977 atium
667 1927 774 1977 meant.
798 1920 859 1997 Qui
872 1938 923 1978 au-

146 2023 206 2072 tem
237 2012 328 2091 legere
356 2014 445 2074 nescit
473 2012 626 2072 meditetur
657 2015 840 2088 novissima,
868 2015 922 2072 Dei

146 2107 308 2183 beneficia,
333 2119 360 2166 et
381 2117 447 2166 ante
468 2107 587 2181 omnia,
610 2109 700 2164 vitam
720 2116 747 2166 et
763 2111 921 2187 passionem

44 2244 47 2249 .
148 2199 216 2260 Jesu
232 2199 358 2267 Christi3
378 2196 437 2256 haee
459 2200 521 2263 (ait
540 2197 572 2254 S.
593 2197 761 2256 Franciscus
777 2198 921 2269 Salesius)

39 2292 44 2297 '
145 2291 229 2350 nobis
243 2289 327 2349 debet
341 2308 401 2347 esse
415 2297 509 2347 nostra
526 2286 672 2347 meditatio
688 2287 843 2351 ordinaria.
859 2290 921 2351 Oh!

146 2402 237 2463 quam
252 2381 391 2443 excellens
406 2380 476 2441 liber
491 2391 533 2440 est
547 2383 641 2460 passio
652 2379 759 2440 Christi
771 2385 923 2444 animabus

148 2477 280 2538 devotis!
300 2479 339 2539 ibi
357 2477 460 2537 melius
481 2497 568 2556 quam
585 2480 615 2535 in
629 2474 755 2555 quotibet
771 2477 843 2539 libro
862 2499 923 2558 per·

146 2576 250 2650 cipitur
267 2576 371 2652 peccati
391 2572 517 2646 malitia,
538 2581 566 2631 et
581 2571 634 2630 Dei
650 2591 730 2631 amor
747 2591 811 2650 erga
826 2573 924 2636 homi-

145 2687 224 2726 nem.
242 2666 386 2743 Quaedam
405 2670 497 2742 imago
518 2665 716 2747 Redemptoris
730 2668 819 2729 semel
833 2690 924 2750 quon-

147 2760 345 2824 dam-allocuta
356 2770 398 2820 est
409 2760 484 2820 Ven.
493 2761 540 2820 Fr.
550 2761 728 2821 Bemardum
742 2784 758 2822 a
773 2763 921 2842 Corlione,

148 2860 199 2936 qui
219 2856 257 2914 ab
274 2853 322 2913 itta
343 2855 412 2914 seire
431 2856 531 2933 petiit,
556 2873 593 2913 an
610 2853 695 2912 veliet
707 2864 740 2912 ut
758 2857 819 2934 ipse
834 2855 922 2935 legere

146 2949 323 3010 disceretiet
332 2949 493 3011 Crucifixus
503 2947 660 3029 respondit:
673 2950 756 3026 Quid
764 2964 817 3012 tua
827 2954 921 3033 legere

148 3046 264 3121 refert?
280 3043 362 3122 Quid
379 3044 432 3105 tibi
452 3038 552 3106 libri!
567 3045 631 3123 Ego
654 3064 721 3105 sum
741 3043 817 3104 liber
833 3059 924 3119 tuus,

151 3136 400 3218 iristibt‘suffict't.
500 3178 504 3183 -

97 1800 105 1829 Ι
