1956 3608
106 224 166 298 all,
326 234 431 282 untxrs
453 236 660 307 con-sessum.

107 351 211 409 magno
230 330 322 393 fructu
349 331 526 393 introductus
550 342 615 405 est;
632 342 661 393 et
676 331 824 410 hortetur,
846 346 876 397 ut

107 429 212 506 quibus
228 424 415 487 commoditas
435 426 582 487 ecclesiam
600 425 726 487 adeundi
745 439 874 503 nonest,

106 539 141 578 ex
156 518 240 578 domo
256 519 367 597 propria
386 537 450 578 eam
469 518 584 580 faciant.
612 518 674 579 Prae
690 522 798 579 caeteris
813 524 876 581 insi·

105 620 174 669 nuet
185 609 368 683 bominibus,
384 620 416 669 ut
427 610 606 689 frequentent
616 614 874 688 congregationem
914 604 918 611 ’

104 713 134 764 et
149 705 306 777 omnibus,
325 714 357 763 ut
370 724 443 783 saepe
457 704 690 780 communicent,
707 705 875 786 praecedente

106 797 201 858 debita
210 800 298 857 animi
307 799 875 878 praeparatione,etgratiarumactionibus

106 914 170 956 eam
181 895 420 972 consequentibus
431 914 480 972 per
490 894 655 952 exercitium
667 901 785 953 actuum
798 882 873 967 fidei,

105 989 270 1060 charitatis,
291 987 442 1047 oblationis
465 997 492 1046 et
511 989 676 1066 petitionis,
691 993 740 1046 eos
755 986 874 1049 docendo

104 1083 259 1160 practicum
274 1078 392 1139 modum
404 1121 413 1154 ,
432 1099 491 1157 quo
500 1079 530 1137 hi
542 1088 622 1138 actus
633 1080 695 1138 fieri
707 1079 837 1141 debeant.

146 1176 215 1234 216.
230 1172 364 1250 invigilet
380 1173 424 1234 13.
440 1192 513 1252 saepe
524 1169 640 1231 reddere
653 1191 721 1232 suas
736 1194 804 1233 oves
815 1193 871 1251 ergo

104 1267 285 1328 devotionem
312 1269 411 1328 Mariae
436 1268 554 1345 virginis
585 1265 751 1342 studiosas,
784 1267 872 1328 decla-

104 1361 194 1421 rando
208 1371 314 1440 quanta
332 1365 367 1419 sit
384 1363 529 1439 potentia,
546 1370 573 1419 et
587 1359 778 1422 misericordia
793 1360 872 1439 hujus

104 1451 209 1511 divinae
218 1453 356 1511 Matrisin
366 1449 543 1509 su'isdevotis
554 1448 740 1526 adjuvandis.
755 1452 871 1533 ldeoqoe

102 1543 248 1617 insinuet,
270 1550 302 1601 ut
324 1543 354 1601 in
376 1543 524 1602 communi
545 1561 608 1602 cum
629 1541 737 1602 familia
753 1541 871 1624 quotidie

103 1638 218 1697 recitent
234 1638 363 1718 quinque
381 1634 500 1696 decades
517 1637 635 1711 roserii,
654 1645 686 1697 ut
702 1637 820 1698 sabbato
832 1638 871 1713 je÷
916 1688 918 1725 Ι

102 1729 227 1808 junent,
253 1741 281 1792 et
301 1732 444 1793 celebrent
468 1749 596 1791 novenas
621 1733 650 1789 in
678 1730 872 1792 festivitatibus
916 1752 918 1761 ·

102 1827 212 1887 Nostrae
227 1826 380 1899 Dominae,
398 1845 470 1905 quas
485 1826 545 1904 ipse
559 1826 596 1883 ab
610 1823 692 1884 altari
706 1829 872 1896 annuntiet,

102 1924 327 2002 quotiescunque
338 1918 392 1980 illae
404 1918 539 1980 incident·
553 1919 648 1980 Valde
660 1919 805 1980 laudabile
816 1921 872 1991 erit,

1 2013 2 2018 '
101 2017 125 2076 si
148 2017 177 2076 in
203 2017 322 2077 sabbato
343 2014 389 2074 ille
413 2014 629 2074 conciunculam
657 2013 763 2074 faceret
789 2014 824 2072 de
844 2014 873 2074 B.

101 2111 244 2190 Virgine,
268 2129 378 2188 semper
390 2106 533 2166 narrando
553 2103 670 2182 aliquod
690 2108 873 2188 exemplum,

100 2216 128 2270 et
143 2205 230 2265 semel
252 2206 281 2262 in
306 2220 383 2260 anno
401 2195 569 2258 celebrando
588 2214 731 2255 novenam
749 2201 871 2279 aliquam

101 2299 257 2359 solemnem
281 2296 390 2356 Nostra}
417 2293 551 2352 Dominae
578 2310 643 2351 cum
671 2310 824 2370 sermone,
850 2303 874 2354 et

101 2396 277 2477 expositione
287 2391 341 2452 SS.
352 2389 529 2451 Sacramenti
543 2396 588 2458 ;et
600 2385 700 2446 adhoc
712 2390 752 2446 uti
768 2400 873 2467 posset,

101 2494 299 2551 intercaeteros
312 2530 321 2563 ,
335 2485 383 2546 illo
398 2484 468 2545 libro
482 2502 568 2562 quem
582 2501 633 2558 ego
646 2479 682 2540 ad
698 2480 872 2561 huncfinem

101 2585 175 2661 typis
199 2580 285 2653 dedi,
313 2583 358 2638 cui
383 2577 482 2636 titulus
503 2577 601 2655 glorie
623 2575 657 2634 di
680 2578 803 2653 Maria,
827 2577 873 2636 nbi

94 2682 245 2751 congestas
263 2674 380 2749 reperiet
398 2671 556 2741 materias,
582 2679 609 2727 et
630 2669 771 2749 exempla.
796 2671 872 2731 Felix

99 2769 146 2830 ille
157 2765 317 2840 Parochus',
331 2767 381 2845 qui
391 2784 456 2823 suos
466 2762 651 2844 parochianos
662 2763 788 2824 fervidos
799 2773 874 2824 tenet

99 2869 130 2925 in
153 2864 323 2925 beatissimae
345 2860 474 2936 Virginis
499 2856 705 2928 devotionem;
740 2879 808 2919 nam
833 2858 871 2916 illi

99 2981 165 3021 cum
179 2955 308 3036 ejusdem
323 2955 449 3032 Virginis
472 2951 577 3014 auxilio
599 2953 689 3012 vitam
707 2954 871 3030 morigeram

100 3055 226 3130 ducent,
256 3056 363 3132 etipse
386 3054 416 3111 in
440 3053 506 3111 vitae
530 3050 607 3108 exitu
622 3049 716 3125 ipsam
734 3047 871 3118 fidelem,

94 3158 125 3212 et
129 3159 277 3233 potentem
287 3146 457 3215 advocatam
464 3143 590 3207 habebit.
606 3140 741 3224 Denique
749 3143 871 3225 insinuet
