1956 3608
171 204 210 265 5‘2
391 220 496 261 unrxrs
514 220 719 262 conrussrnrr.

169 311 251 383 filii,
284 311 514 386 interrogentur,
551 335 575 370 1.
599 312 622 368 si
649 308 759 371 oderint
783 322 918 390 parentes
934 316 953 374 l·

169 407 237 484 quia
255 415 322 464 tunc
338 403 442 483 duplex
460 414 604 483 peccatum
622 414 826 484 peccaverunt,
841 419 943 470 contra

170 499 333 559 charitatem
348 517 472 577 nempe,
486 508 516 557 et
532 508 628 558 contra
641 502 786 577 pietatem.
802 501 876 561 2.Si
886 502 944 563 ali-

169 591 239 673 quid
251 610 336 668 grave
349 592 463 652 fecerint
479 602 573 651 contra
589 611 684 651 eorum
700 602 875 671 praeceptum
889 614 944 657 ex-

168 704 317 766 pressum,
338 688 409 745 etin
425 704 454 744 re
471 687 567 761 justa,
587 687 668 744 sicuti
683 694 756 744 esset
770 704 807 744 ne
821 707 838 746 a
854 687 949 750 domo·

169 777 204 838 de
217 789 298 840 nocte
312 777 527 856 egrederentur,
549 797 585 836 ne
599 775 674 836 ludis
686 776 835 839 damnosis
855 779 943 841 lude-

168 881 247 946 rent,
263 891 301 931 ne
311 892 376 931 cum
391 869 474 930 malis
488 872 591 942 sociis,
612 877 661 928 aut
675 887 740 929 cum
756 873 886 949 personis
898 873 943 934 di·

168 968 242 1025 versi
252 984 349 1039 sexus,
358 974 384 1022 et
399 962 539 1022 similibus
552 971 752 1023 versarentur.
744 963 756 1005 '¹'
771 963 874 1039 Dixi,
864 989 898 1028 m
909 988 942 1030 rc

160 1062 269 1133 justm·
286 1061 354 1138 quia
375 1060 446 1117 circa
464 1066 553 1116 status
569 1056 734 1116 electionem
749 1056 800 1117 filii
815 1078 877 1119 non
897 1071 942 1121 to-

107 1142 131 1221 ξ’
166 1161 271 1212 nentur
285 1152 450 1232 parentibus
465 1149 615 1211 obedire:'
608 1170 666 1210 rmo
677 1161 806 1229 parentes
816 1157 941 1229 graviter

166 1257 334 1327 peccarent,
352 1250 375 1306 si
401 1249 462 1305 sine
484 1249 560 1323 justa
576 1236 662 1305 'causa
684 1245 756 1305 lilios
777 1244 815 1304 ad
830 1256 940 1309 statum

98 1342 114 1401 ,⁴
167 1336 430 1409 matrimonialem,
450 1347 500 1397 aut
518 1335 554 1396 ad
574 1346 679 1396 statum
699 1335 940 1415 ecclesiasticum,

84 1412 101 1493 η’
167 1437 217 1487 aut
232 1427 392 1505 religiosum
408 1438 538 1504 cogerent
553 1452 561 1500 ;
582 1437 632 1486 aut
650 1425 743 1485 modis
763 1427 879 1504 injustis
893 1450 941 1490 re·

85 1504 96 1563 :³
166 1517 309 1578 traherent
329 1538 377 1577 eos
399 1540 414 1578 a
439 1528 513 1578 statu
539 1517 685 1595 religioso,
710 1538 795 1598 quem
815 1518 862 1579 ‘illi
885 1520 941 1582 eli-

165 1632 229 1691 gere
241 1611 330 1673 velint
342 1618 398 1686 (1).
417 1636 441 1671 r.
451 1614 626 1689 lnterroget,
644 1615 666 1671 si
679 1615 868 1674 reverentiam
884 1615 941 1677 ad-

165 1725 265 1765 versus
281 1714 410 1785 parentes
422 1725 479 1764 nun
492 1704 673 1765 adhibuerint
685 1747 694 1777 ,
706 1703 809 1779 lactis,
823 1716 876 1767 aut
887 1709 941 1767 im-

165 1798 393 1875 precationibus,
415 1807 466 1857 aut
478 1799 590 1872 injuriis
605 1797 739 1873 gravibus
755 1816 850 1856 coram
868 1800 943 1858 irro-

164 1892 258 1967 gatis:
284 1899 316 1949 ut
334 1901 407 1950 esset
429 1910 477 1949 eos
501 1888 671 1970 appellando
689 1891 793 1963 ebrios,
810 1891 940 1968 bestias,

164 1985 280 2062 fatuos,
295 1986 432 2060 latrones,
447 1986 608 2061 veneficos,
620 1984 765 2055 scelestos;
780 1993 831 2042 aut
842 1998 940 2062 gestus

164 2099 263 2141 eorum
278 2081 480 2142 contumeliose
496 2079 700 2160 exprimendo,
716 2087 766 2139 aut
777 2076 832 2138 alia
849 2084 939 2144 verba

164 2175 331 2254 proferendo
345 2176 449 2254 quibus
472 2195 586 2252 gravem
606 2174 763 2235 molestiam
787 2175 827 2233 eis
851 2177 939 2239 exhi-

164 2269 301 2329 buissent.
325 2271 435 2330 Vocare
447 2281 543 2331 autem
558 2290 605 2330 ecs
620 2288 700 2329 senes
712 2312 721 2345 ,
735 2271 862 2347 ignaros,
878 2284 939 2335 stu-

164 2361 267 2443 pidos,
287 2373 341 2425 etc.
361 2384 419 2424 non
442 2363 526 2426 debet
548 2363 675 2425 absolute
697 2363 883 2426 condemnari
901 2368 938 2429 de

164 2467 279 2538 peccalo
296 2459 426 2536 mortali,
439 2461 494 2517 nisi
507 2469 574 2519 tunc
584 2478 650 2519 cum
661 2456 701 2516 illi
713 2460 938 2534 graviternffen-

164 2550 308 2611 cierentur.
332 2553 453 2612 Notatur
469 2551 547 2631 quod
564 2571 629 2611 cum
648 2550 700 2611 lilii
718 2562 871 2630 parentum
885 2554 937 2615 de*-

162 2641 251 2700 bitam
268 2645 403 2703 rationem
417 2663 475 2704 non
492 2643 665 2716 habuerint,
686 2652 820 2704 tenentur
833 2644 937 2708 laesurn

162 2734 299 2797 honorem
312 2739 521 2813 eisrestituere,
532 2740 647 2798 veniam
659 2739 696 2796 ab
704 2740 743 2796 eis
752 2737 937 2817 postulando,

162 2833 248 2890 etiam
264 2851 358 2892 coram
378 2833 412 2891 iis
426 2834 457 2892 in
476 2852 599 2912 quorum
623 2841 738 2912 aspectu
759 2831 810 2891 filii
833 2852 937 2913 pem-

196 3029 235 3088 (r)
252 3028 328 3078 Tom.
348 3028 376 3088 1,
396 3027 444 3082 lib.
468 3031 502 3098 3,
522 3046 598 3085 num.
616 3029 674 3086 ³3⁵.
694 3044 719 3086 v.
737 3026 891 3102 Pratum
907 3038 937 3087 rt

150 3104 209 3158 llb-
228 3119 258 3175 4,
279 3124 354 3164 num.
371 3128 413 3176 77.
