1956 3608
99 228 134 269 ιο
316 216 421 263 nntxis
440 217 644 266 commum.

77 341 81 348 ¹
96 309 208 375 nullum
223 349 232 382 ‚
252 317 279 368 et
291 311 374 369 timor
386 309 510 390 pmdene
521 321 592 372 esset
606 312 709 393 peccati
719 309 876 390 formalis,

97 401 297 473 autscandali‚
310 407 332 463 si
345 405 612 484 manifesteturejus
620 407 736 468 nultius
746 406 876 489 iObser·

98 507 203 560 ventur
213 495 396 558 resolutiones
406 499 436 557 in
447 518 531 578 opere
541 493 734 580 scriptasit),
748 499 797 558 ubi
807 498 876 558 fuse

98 591 248 674 probatum
264 599 307 650 est
321 610 503 652 communem
516 611 597 667 esse,
610 601 740 654 ettotam
755 600 879 655 senten-

98 683 447 763 tiam‚posseEpiscopum
456 681 657 764 dispensarem
666 682 880 764 impedimento
921 708 925 713 ·

100 777 245 838 dirimenti
261 819 270 849 ‚
293 785 387 836 stante
400 775 448 837 iila
463 779 575 854 urgenti
588 779 762 839 necessitate.
793 777 832 838 Et
848 778 880 838 si

99 867 195 932 aditus
211 865 248 928 ad
272 868 442 949 Episcopum
465 871 552 930 etiam
574 878 649 929 esset
666 865 818 943 difficilis,
843 876 881 930 et

101 959 182 1023 nulio
195 958 281 1020 modo
293 969 387 1038 pessel
397 963 496 1020 evitari
506 962 706 1036 gravissimum
716 960 879 1040 perieulum

101 1056 228 1117 infamiae
241 1063 291 1114 aut
304 1052 453 1130 scandali,
471 1053 621 1114 retulimus
640 1058 686 1129 (2)
702 1056 879 1116 sententiam
905 1119 908 1123 ,

103 1151 225 1212 auctoris
249 1151 415 1217 (instruet.
427 1170 485 1226 pro
509 1149 592 1209 novis
615 1150 758 1226 Confess.
778 1170 813 1228 p.
833 1172 882 1228 a,

102 1267 136 1309 n.
151 1249 205 1319 32,
224 1264 266 1306 ex
281 1246 381 1304 Ronc.
392 1243 482 1304 Sord.
500 1255 529 1304 et
547 1245 635 1323 Pign.
650 1255 722 1305 torn.
735 1246 777 1319 3,
798 1264 882 1312 con·

103 1338 173 1402 suli·
190 1340 249 1412 33,
269 1358 304 1396 n.
319 1341 380 1409 5),
402 1339 452 1415 qui
466 1338 506 1396 ait
520 1355 577 1395 non
592 1336 882 1417 improbabilem,

104 1432 163 1492 imo
177 1439 289 1504 tutum,
305 1431 335 1488 in
347 1430 426 1509 praxi
436 1449 516 1509 posse
532 1429 570 1490 Pa
576 1429 691 1491 rochum
702 1472 713 1505 ‚
726 1429 773 1490 vel
786 1429 880 1491 alium

104 1522 317 1585 confessarium
338 1523 479 1584 declarare
500 1523 579 1603 quod
605 1524 650 1586 lex
672 1522 883 1604 ,inpedimenti

104 1628 173 1680 tunc
184 1637 241 1678 non
254 1617 377 1695 obliget,
390 1627 477 1697 atque
486 1627 596 1693 cessei,
610 1627 708 1698 utpote
720 1619 813 1697 potins
823 1636 883 1677 no·

103 1713 184 1786 cive,
198 1730 286 1789 quam
302 1709 389 1769 utilis.
400 1707 459 1769 Sed
471 1711 589 1769 observa
602 1729 686 1790 quae,
702 1708 761 1770 loco
775 1711 885 1784 citato,

105 1805 196 1866 fusius
214 1805 252 1863 ibi
268 1802 412 1862 dicuntur.
436 1803 480 1863 lta
502 1804 604 1883 pariter
625 1801 783 1862 omittenda
804 1811 884 1862 esset

105 1899 238 1962 correctio
253 1893 288 1955 de
304 1898 480 1956 restitutione
494 1893 644 1970 faciende,
671 1898 694 1954 si
711 1904 784 1957 certe
803 1915 888 1975 prae·

105 1988 238 2052 videatur
260 1988 388 2048 futurum
406 1986 464 2046 fore
482 1997 514 2046 ul
535 1987 700 2059 Poeuitens‚
730 1987 780 2065 qui
800 2006 888 2049 nunc

106 2093 179 2145 esset
195 2085 224 2142 iu
240 2082 314 2142 bona
331 2079 406 2151 fide,
429 2099 488 2138 non
504 2089 601 2160 pareat
615 2080 775 2140 molitioni.
889 2098 893 2105 ·

126 2187 127 2191 ’
143 2169 776 2254 9.Nihilominusexcipiendisuntsequentes
784 2191 885 2234 casus.

106 2269 133 2331 1.
147 2268 178 2328 Si
193 2286 229 2326 ex
239 2268 298 2346 ipsa
310 2267 466 2343 ignorantia
480 2263 701 2326 redundantium
711 2275 785 2326 esset
794 2264 886 2327 dam-

107 2381 178 2423 num
206 2369 301 2440 eontra
324 2361 432 2420 bonum
451 2378 606 2420 commune
630 2360 785 2439 (3)1‚quta
810 2369 887 2422 tunc-

107 2457 321 2531 Confessarius‚
343 2468 409 2517 cum
423 2458 484 2535 ipse
497 2457 672 2516 constitutus
689 2455 727 2514 sit
747 2455 889 2541 Minister

107 2540 260 2614 inbonum
280 2550 459 2629 reipublice,
483 2559 594 2608 tenetur
616 2547 744 2628 praeferre
769 2542 884 2610 bonum

107 2643 254 2726 publicum
269 2645 345 2703 bono
367 2645 479 2723 priva-to
494 2643 680 2718 Posuimus,
697 2641 762 2703 licet
778 2646 888 2721 previ-

108 2736 175 2798 deat
205 2739 401 2799 correctionem
427 2735 495 2796 huic
521 2756 592 2800 non,
606 2755 666 2795 esse
690 2734 886 2815 profuturam.

108 2835 176 2914 Qua
191 2831 227 2893 de
246 2853 276 2893 re
297 2835 415 2894 omnino
430 2829 605 2893 admonenti
627 2840 695 2893 sunt
711 2829 880 2910 Principes,

144 3024 181 3083 (ι)
198 3019 378 3082 Lib.6‚num.
392 3025 451 3075 612.
485 3020 522 3084 (2)
541 3017 608 3072 thid.
617 3033 645 3090 p.
655 3007 714 3081 332.
723 3017 757 3077 Y·
765 3008 883 3090 infusis,

145 3131 184 3193 (ὅ)
199 3129 280 3183 Nom.
292 3133 352 3185 ers.
631 3130 635 3135 ’
