1956 3608
101 244 141 306 oa
323 238 427 280 arixis
447 234 654 280 confessarii.

101 340 226 394 tentatur
239 350 255 390 a
267 326 384 399 domino
398 339 427 389 et
441 328 556 389 similia.
571 329 692 389 Occasio
701 336 801 404 autem,
810 344 867 407 qua

10 446 14 455 ·
100 438 219 487 nonest
233 423 363 496 inesse,
383 432 448 498 est,
461 441 559 501 emgr.
574 463 584 497 ‚
604 441 670 483 cnm
683 423 749 502 quis
761 423 791 482 iu
806 419 867 482 ludo

101 519 258 599 prorumpit
272 518 303 576 in
317 514 531 596 blasphemias,
544 525 593 577 ant
607 514 750 576 versando
760 518 792 577 in
805 535 868 577 can·

100 615 182 692 ponis
202 609 359 691 prolabitur
374 614 405 670 in
421 614 496 673 rixas
508 621 537 672 et
551 613 720 686 ebrietates,
734 619 786 671 aut
799 629 870 672 acce·

100 704 195 766 dendo
208 704 246 766 ad
257 707 390 767 convivia
399 704 500 767 incidit
510 708 540 766 in
551 706 637 765 verba
649 714 678 766 et
687 707 868 783 cogitationes

99 810 206 882 turpes.
221 798 406 882 trispastos,
420 799 595 877 dicendum,
609 797 689 880 quod
701 800 732 859 in
746 800 870 862 occasio·

99 896 185 955 nibus
196 916 260 977 quae
275 917 339 956 non
352 908 424 981 sunt
440 895 474 955 t'n
491 915 555 955 esse
568 935 578 968 ,
593 902 667 956 recle
681 890 805 954 docetS.
817 893 870 955 Ca·

98 989 175 1049 nolus
197 988 274 1069 quod
296 988 448 1047 l'oenitenti
469 987 553 1048 firme
573 989 750 1067 promittenti
775 988 870 1073 abeis

98 1084 261 1156 abstinere,
286 1091 378 1162 potest
394 1084 419 1140 ei
443 1081 556 1155 semel,
581 1084 650 1158 bis,
673 1091 702 1143 et
722 1085 811 1145 etiarn
833 1092 871 1144 ter

99 1176 239 1238 absolutio
260 1175 322 1237 dari
341 1195 350 1246 ;
368 1173 446 1255 quod
463 1172 609 1247 sidcinde
629 1175 678 1237 ille
697 1181 870 1240 occasionem

98 1291 157 1330 non
173 1271 287 1344 aufert,
307 1280 336 1331 et
349 1268 449 1330 eodern
465 1269 550 1330 ruodo
567 1263 685 1352 peccat,
701 1290 763 1332 non
781 1278 870 1354 polest

98 1364 227 1439 absolvi,
242 1367 297 1424 nisi
315 1366 393 1443 prius
409 1366 582 1425 occasionem
594 1375 750 1425 removeat.
770 1367 806 1427 lu
822 1387 870 1428 oc-

98 1459 259 1518 casionibus
279 1467 376 1520 autern
397 1476 462 1537 quae
483 1460 601 1519 suntin
616 1479 756 1521 esserum
771 1460 868 1521 eodem

97 1549 131 1610 S.
145 1549 247 1611 Carolo
268 1551 387 1611 omnino
411 1549 541 1628 neganda
563 1561 606 1612 est
626 1552 789 1631 absolutio,
817 1555 869 1614 nisi

97 1646 211 1705 occasio
227 1663 341 1724 prorsus
360 1643 516 1705 auferatur.
541 1644 681 1725 Hancque
696 1651 867 1709 sententiam

98 1735 263 1805 (ordinarie
276 1736 440 1818 loquendo)
460 1741 578 1798 omnino
594 1737 747 1798 tenendam
766 1742 871 1820 proba·

97 1833 194 1890 vimus
208 1833 237 1889 in
253 1830 325 1890 libro
346 1834 403 1902 (r).
431 1830 539 1905 Ratio,
561 1833 628 1911 quia
646 1831 708 1892 talis
728 1833 870 1895 Poenitent

98 1935 140 1984 est
155 1923 339 2005 indispositus
358 1923 395 1984 ad
413 1925 641 2000 absolutionem,
663 1929 686 1985 si
709 1938 787 2006 petat
808 1948 869 1990 earn

98 2029 253 2098 antequam
264 2021 439 2080 occasionem
454 2031 599 2079 removeat
610 2041 618 2090 ς
632 2023 738 2079 etenim
750 2040 815 2082 earn
829 2042 870 2083 re·

97 2112 227 2193 cipiendo
236 2114 402 2172 reimmittil
415 2113 443 2171 in
455 2115 616 2191 proximum
626 2112 783 2192 pericnlum
795 2116 869 2177 fran-

98 2207 180 2283 gendi
198 2209 397 2286 propositum,
421 2215 450 2266 et
467 2209 506 2266 sic
525 2204 691 2265 remanendi
717 2209 748 2267 in
769 2209 869 2272 eadem

97 2300 251 2357 occasione.
282 2296 395 2355 Clarius
420 2298 557 2357 rationem
582 2296 658 2359 banc
683 2297 866 2379 explicemus.

98 2388 183 2449 Porro
196 2387 350 2448 mortaliter
363 2397 457 2468 peccat
473 2390 523 2468 qui
539 2398 579 2449 est
596 2391 624 2448 in
638 2393 785 2453 occasione
801 2414 869 2473 pro-

93 2484 175 2544 xima
189 2482 370 2556 voluntaria,
387 2492 416 2541 et
429 2501 494 2542 eam
509 2501 569 2541 non
581 2482 654 2542 tollit
666 2503 674 2553 ;
692 2504 757 2544 curn
771 2495 867 2546 autern

96 2595 168 2654 opus
180 2575 294 2633 tollendi
309 2578 487 2636 occasionem
499 2577 536 2635 sit
546 2577 672 2637 maxime
684 2577 807 2640 arduum
819 2623 829 2653 ,
841 2590 868 2642 et

97 2685 155 2724 non
177 2664 349 2743 impleatur,
367 2668 422 2724 nisi
449 2686 499 2747 per
523 2686 654 2743 magnam
678 2668 867 2748 violentiam,

97 2755 171 2817 banc
181 2758 241 2815 vim
253 2753 404 2827 difficulter
417 2759 470 2820 sibi
484 2758 585 2817 inferet
595 2763 646 2837 qui
656 2762 716 2834 jarn
730 2772 773 2821 est
782 2763 868 2823 abou-

26 2856 30 2861 '
97 2847 195 2922 lutuS,
209 2847 279 2907 durn
291 2847 387 2908 ablato
398 2851 498 2908 tirnore
511 2852 573 2908 sine
585 2848 764 2911 absolutione
773 2872 868 2917 rema-

97 2939 205 3016 nendi,
220 2938 256 3000 dc
270 2938 344 2999 taciti
358 2940 412 2999 sibi
424 2939 555 3000 suadebit
567 2939 644 3020 quod
656 2945 805 3005 tentationi
819 2964 867 3006 re-

27 3096 35 3129 ·.
130 3137 169 3196 (ι)
185 3131 241 3184 Lib.
253 3135 284 3195 6,
306 3148 383 3186 rrum.
400 3141 460 3202 454.
