1956 3608
251 211 278 286 §.
292 226 338 271 ru.
358 224 425 269 ουκ
438 225 581 270 rsnsoms
596 227 737 272 ussosrs.
814 215 878 295 '¹39

105 365 134 440 §.
151 365 206 426 111.
229 369 389 452 Quomodo
408 391 440 432 so
458 391 561 450 gerere
577 370 686 433 debeor
707 392 779 432 oum
801 372 881 433 Per·

372 463 455 524 souis
470 463 611 526 Devotr's?

145 639 194 699 99.
212 621 360 681 Ponsours
369 619 514 680 devotioni
525 616 709 699 deditis,<quae
720 621 882 703 frequenter

102 713 243 773 accedunt
255 714 292 774 ad
304 715 553 786 communionem,
569 711 709 771 ordinarie
720 713 881 793 loquendo,

102 804 314 865 insinuandum
331 815 364 864 ut
381 803 482 863 saitem
499 805 528 861 in
552 803 679 883 qualibet
701 802 881 866 hebdomada

101 895 341 956 sacramentalem
357 893 565 960 absotutionern
584 895 751 972 suscipiant.
774 895 884 971 Hujus·

100 985 183 1046 modi
201 986 390 1059 Poenitentes,
406 986 430 1044 si
447 993 558 1044 tanturn
574 981 610 1042 de
623 986 884 1064 imperfectionibus

100 1080 278 1139 confitentur
298 1098 361 1158 quse
380 1097 439 1140 non
463 1080 625 1159 pertingunt
641 1078 678 1139 nd
694 1079 793 1160 cuipas
808 1091 884 1143 certe

100 1171 248 1245 veniales,
263 1171 330 1234 dicit
344 1174 506 1250 Bonocino
521 1176 581 1244 (1)
595 1172 648 1232 bos
670 1175 780 1234 absolvi
799 1196 883 1254 posse

100 1268 155 1326 sub
172 1264 355 1340 conditione,
378 1264 427 1324 sed
440 1264 494 1324 boc
507 1284 565 1323 non
581 1263 794 1327 admittendum
815 1289 886 1330 cen·

101 1377 169 1432 seo,
188 1359 243 1417 nisi
260 1376 399 1437 perraro,
417 1366 446 1416 et
460 1376 524 1417 curn
541 1358 594 1436 ipsi
609 1376 667 1417 non
684 1369 798 1437 possent
816 1381 884 1421 ma-

100 1455 201 1512 teriam
213 1461 317 1511 certam
331 1453 477 1532 praeteritae
490 1453 557 1512 vitae
571 1454 736 1529 assignare,
760 1452 806 1514 vel
822 1474 882 1516 non

102 1547 165 1605 sine
188 1564 292 1623 magna
320 1544 461 1604 molestia.
491 1544 654 1620 Caeterum,
678 1544 741 1606 dico
761 1545 883 1626 quodsi

99 1637 248 1697 'Poenitens
272 1643 380 1695 certam
402 1652 463 1694 non
487 1633 603 1694 exhibet
622 1638 793 1710 materiam,
818 1656 879 1697 non

101 1733 187 1794 debet
201 1730 400 1792 confessarius
417 1731 483 1808 angi
499 1731 530 1788 in
541 1748 605 1788 earu
621 1727 834 1810 perquirendo,
849 1741 883 1791 ut

100 1827 184 1888 illum
206 1825 360 1896 absolvat,
385 1833 414 1884 et
434 1843 501 1884 casu
524 1843 582 1902 quo
603 1824 810 1904 perquisisset,
828 1842 884 1887 neo

99 1923 279 1994 invenisset,
296 1938 356 1979 nou
379 1927 491 1977 tenetur
515 1921 540 1975 ei
555 1915 781 1977 conditionaram
797 1919 883 1978 abso-

98 2019 238 2078 lutionem
253 2014 408 2093 impertire.
423 2010 486 2071 Hoc
498 2009 642 2089 procedit,
656 2031 721 2070 curn
735 2011 886 2072 Poenitens

98 2109 254 2172 confitetur
277 2112 328 2177 (ut
342 2105 425 2179 dixi)
452 2103 488 2164 de
513 2101 692 2178 defectibus,
719 2101 754 2161 de
775 2106 883 2182 quibus

99 2199 249 2262 dubitatur
272 2218 311 2259 an
336 2202 497 2278 pertingant
520 2195 557 2256 ad
579 2194 713 2276 venialia,
740 2196 779 2255 At
798 2197 823 2255 si
848 2194 884 2256 de

101 2298 185 2359 certis
199 2291 362 2353 venialibus
375 2292 544 2364 confitetur,
561 2289 611 2350 sed
626 2289 798 2367 usualibus,
820 2293 883 2352 sive

101 2383 293 2468 quotidianis,
304 2389 370 2462 puta
380 2378 416 2438 de
426 2382 631 2459 impatientiis,
644 2384 884 2460 intemperantiis,

99 2478 337 2541 distractionibus
354 2476 382 2535 iu
399 2469 514 2547 officio,
535 2474 567 2531 in
583 2475 730 2548 oratione,
760 2480 789 2533 et
804 2474 885 2534 sirni-

100 2577 201 2648 libus,
226 2581 258 2630 ut
272 2569 413 2632 absolutio
431 2567 472 2627 itti
487 2567 604 2648 praeberi
621 2569 727 2646 possit,
749 2579 884 2652 spectan-

101 2669 174 2730 dum
191 2676 232 2727 est
249 2685 287 2727 an
302 2667 362 2745 ipse
382 2662 538 2745 aliquando
558 2664 612 2726 sibi
632 2673 773 2744 quantum
789 2669 883 2746 potuit

103 2770 164 2827 viru
180 2763 327 2838 intulerit,
349 2783 382 2824 ac
402 2765 562 2845 passionem
584 2765 786 2841 superaverit:
814 2767 883 2842 quia

104 2873 173 2924 tunc
193 2861 312 2940 judicari
335 2864 435 2942 poterit
456 2859 520 2938 ejus
544 2858 642 2938 culpas
665 2863 759 2938 potius
777 2878 812 2918 ex
826 2859 884 2919 hu-

103 2979 190 3018 mana
214 2956 363 3034 fragititate
384 2957 577 3034 processisse,
604 2973 694 3032 quam
713 2970 750 3014 ux
771 2950 883 3015 defectu

136 3120 174 3179 (ι)
192 3117 220 3167 L.
234 3119 248 3166 6
257 3150 264 3176 ,
279 3129 305 3168 u.
323 3108 480 3178 432.s.·1V.
494 3109 520 3162 Si
532 3107 680 3165 dubitetur.
773 3147 775 3152 .
