1956 3608
98 229 155 300 134
313 240 419 285 entus
439 234 644 285 connum.

95 442 122 516 §.
136 442 176 501 ll.
199 439 362 519 Quomodo
383 459 415 499 se
432 434 666 588 gprepoldeboot
678 431 858 497 cumocu-

410 552 452 605 pu
465 550 526 589 osrs

134 716 185 796 95.
222 714 388 775 onerosus
408 712 503 792 plures
521 714 669 789 assignant
689 707 802 787 regulas
819 726 864 788 pro

97 808 268 891 scrupulosis
282 826 291 877 ς
307 805 357 866 sed
370 816 479 867 certum
492 813 535 863 est
548 823 599 883 pro
608 802 654 862 lris
666 846 677 877 ,
690 812 756 883 pust
768 804 865 862 oratio·

97 924 185 979 nem,
203 900 362 963 remedium
376 902 538 960 maximum
555 896 716 966 (nedicunt
733 900 865 970 unicnrn,

95 1009 129 1058 nt
150 1007 223 1057 recte
245 999 286 1054 ait
305 996 342 1052 P.
362 995 509 1071 elegeon)
533 990 570 1050 ud
593 1011 642 1050 eos
665 989 811 1052 curandos
829 999 867 1049 est

95 1089 255 1151 obedientia
280 1108 333 1147 suo
355 1086 493 1147 directuri.
524 1087 600 1146 llinc
619 1097 688 1146 ante
707 1089 807 1145 omnin
823 1088 868 1144 in-

95 1183 211 1243 cumbat
224 1179 421 1240 Confessurius
435 1187 463 1238 et
473 1175 593 1237 suadeat
605 1179 754 1256 poenitenti
766 1177 867 1254 hujus-

97 1272 174 1337 modi
187 1272 261 1334 duas
280 1272 450 1353 principales
466 1271 576 1349 regulas
594 1293 602 1329 ε
630 1274 776 1350 primarn,
796 1269 869 1351 quod

96 1373 156 1450 ipse
169 1378 231 1427 tuta
249 1387 344 1426 coram
361 1367 423 1424 Deo
440 1366 546 1424 incedit
569 1368 615 1424 via
633 1365 708 1424 Patri
725 1364 869 1445 Spirituali

96 1457 273 1530 obediendo,
290 1459 337 1515 ubi
348 1454 497 1515 evidenter
507 1466 652 1535 peccatum
664 1476 724 1515 non
740 1467 869 1537 appeten

96 1560 166 1611 tunc
176 1551 253 1608 enirn
264 1567 323 1607 non
334 1547 444 1607 homini
459 1548 556 1608 obedit
570 1590 579 1622 ,
593 1547 643 1607 sed
657 1551 711 1628 ipsi
729 1550 810 1621 Deo,
824 1550 870 1628 qui

96 1638 188 1700 dixit:
205 1639 267 1719 Qui
289 1662 341 1700 vos
360 1639 471 1712 audit,
496 1662 544 1700 me
568 1642 668 1700 uudit.
698 1639 749 1700 Sic
773 1639 872 1701 docent

97 1755 197 1796 ornnes
212 1734 357 1808 doctores,
382 1745 409 1794 et
425 1735 582 1812 spirituales
601 1736 729 1810 magistri
751 1754 820 1795 cunr
841 1734 871 1794 S.

96 1829 266 1901 Bernardo,
292 1829 324 1887 S.
341 1832 489 1903 Antonio,
516 1829 548 1888 S.
566 1830 719 1889 Francisco
741 1829 873 1901 Selesiu,

97 1924 130 1984 S.
152 1923 285 2003 Philippo
307 1923 416 1996 Nerio,
447 1922 479 1983 S.
493 1924 650 1998 Tlreresla,
674 1924 707 1984 S.
728 1924 870 1985 loannes

96 2017 207 2091 Cruce,
227 2017 259 2075 S.
274 2018 384 2094 lgnatiu
399 2016 435 2076 de
450 2018 577 2098 Luyula,
594 2019 627 2077 B.
650 2018 782 2078 Dionisiu
799 2020 871 2079 Car-

97 2110 249 2184 thusianu,
259 2112 289 2169 ll.
304 2112 544 2183 Urnberto,Ven.
558 2112 591 2169 P.
602 2112 645 2170 M.
654 2110 757 2187 Avila,
768 2113 873 2190 lllagnu

98 2205 242 2272 Gersune,
256 2213 309 2261 etc.
325 2203 451 2261 Alteram
466 2204 590 2280 regulam
604 2246 614 2276 ,
631 2204 711 2283 quod
725 2205 806 2264 nullo
819 2206 872 2265 alio

98 2296 229 2374 scrupulo
259 2296 361 2357 debeat
384 2301 451 2374 angi
478 2318 568 2377 quarn
598 2302 620 2358 si
644 2320 702 2359 non
732 2301 872 2375 obediat,

99 2401 211 2473 propter
224 2411 360 2469 magnum
379 2392 536 2472 periculum
554 2397 599 2455 cui
615 2414 644 2452 se
659 2399 774 2472 exponit
789 2398 873 2455 arnit-

99 2485 198 2561 tendi,
220 2507 279 2546 non
296 2497 407 2547 tanturn
421 2508 542 2565 pacern,
565 2488 746 2548 devotionem
764 2531 774 2563 ,
801 2499 829 2549 et
843 2493 872 2549 in

100 2583 253 2638 virtutibus
262 2600 438 2659 progressum
454 2622 463 2654 ,
477 2579 526 2639 sed
537 2584 621 2641 etiarn
635 2591 781 2656 ruentem,
796 2586 873 2643 sani·

99 2679 184 2730 tatenr
195 2711 209 2728 .
235 2680 263 2728 et
284 2673 399 2749 insuper
416 2672 544 2730 animam
557 2693 565 2739 3
580 2692 649 2731 narn
663 2685 779 2752 possent
792 2695 873 2735 scru-

99 2760 160 2843 puli
188 2781 221 2820 eo
248 2759 396 2840 progredi,
423 2771 454 2820 ut
484 2782 550 2820 eurn
580 2764 617 2822 ad
646 2763 872 2844 desperationem

99 2853 284 2926 reducerent,
307 2863 426 2913 morlenr
445 2855 499 2911 sibi
517 2855 663 2914 inl'erendu
688 2862 794 2935 (prout
807 2860 873 2939 plu-

98 2950 177 3006 ribus
191 2946 335 3021 accidit),
362 2948 408 3006 vel
423 2947 551 3006 habenas
567 2948 603 3006 ad
619 2951 688 3008 vitia
708 2950 872 3014 relaxando.

100 3039 234 3098 Praeterea
251 3044 447 3120 Gurrlessarius
457 3040 622 3117 hujusmodi
636 3047 784 3122 poenitenti
794 3065 873 3106 scru-

98 3130 199 3209 puloso
214 3136 361 3211 insinuet,
389 3147 472 3217 prout
494 3149 566 3198 recte
580 3136 648 3201 dicit
662 3136 761 3200 doctus
775 3151 874 3203 auctor
