1956 3608
223 209 296 283 §.ru
310 224 759 277 uenrmrruvursusurrruru.
816 222 876 303 ³59

99 316 150 380 sed
164 339 181 379 a
196 327 252 379 tota
266 319 353 379 domo
367 319 469 400 expelli
482 320 597 381 debent.
615 323 650 380 Et
660 321 730 382 dum
743 324 876 389 infirmus

98 416 207 490 agoniae
229 421 373 492 proximus
395 414 607 489 videturesse,
629 418 760 478 sacerdos
779 440 878 483 omues

98 509 137 567 ab
151 511 213 584 ejus
225 508 357 568 cubiculo
370 507 515 586 depellat,
536 522 634 588 praeter
644 531 734 572 unum
746 524 798 574 aut
807 512 877 576 duos

99 611 230 674 tanturn,
243 605 293 680 qui
305 605 358 680 ipsi
374 601 444 663 dutn
461 611 569 682 oportet
586 615 686 683 praesto
699 610 766 666 sint.
782 608 878 668 Caete-

99 715 163 755 rum
173 736 188 769 ‚.
199 697 319 755 omniuo
333 695 482 776 prohibeat
494 699 525 755 in
539 700 636 774 aegroti
649 699 742 759 cubile
758 705 879 783 propiu-

101 805 174 862 quos
180 784 307 864 ingredi,
318 807 354 847 ne
364 787 447 848 alicui
460 791 584 868 passioni
594 808 710 851 causam
722 795 878 871 praebeant.

183 970 209 1047 ς.
222 969 261 1029 11.
285 968 432 1034 Remedio
443 972 592 1034 adversus
603 974 792 1034 tentationes.
888 964 895 975 ¹

140 1157 211 1233 237.
232 1157 430 1217 erenum
452 1168 547 1219 mntra
565 1162 735 1218 tentationes
751 1159 875 1222 remedia

100 1259 184 1322 sunt,
198 1249 265 1308 Jesu
274 1270 307 1308 ac
315 1251 415 1310 Mariae
422 1251 478 1311 SS.
489 1253 605 1311 nomina
615 1254 719 1330 saepius
727 1254 878 1329 invocare,

100 1353 129 1402 et
149 1344 238 1402 erucis
257 1341 403 1419 signaculo
417 1363 447 1403 se
462 1347 583 1404 munire.
601 1344 655 1404 Pro
668 1343 814 1423 aliquibus
830 1357 880 1406 ta-

100 1453 170 1493 men
192 1433 358 1512 specialibus
383 1434 522 1497 daemonis
544 1436 657 1496 insidiis
678 1436 812 1516 quaedam
835 1436 880 1498 hie

101 1527 238 1589 adnotare
251 1528 380 1607 expedit.

142 1622 212 1682 238.
235 1621 271 1680 Et
293 1621 318 1680 Ι.
336 1623 494 1682 Adversus
509 1621 595 1699 fidei
613 1624 804 1683 tentationes.
834 1626 881 1683 Ab

99 1714 155 1775 hae
169 1713 285 1775 terribili
300 1717 457 1775 tentatione
472 1715 628 1794 presertim
643 1715 789 1790 agitantur
808 1720 881 1794 qui,

100 1829 169 1871 euru
183 1809 323 1889 perditam
350 1813 457 1887 egerint
481 1811 592 1884 vitam,
619 1809 673 1867 sibi
701 1827 810 1886 suoque
835 1813 882 1885 ju-

99 1901 175 1964 dicio
188 1906 275 1963 uimis
290 1904 472 1964 adhaeserunt
486 1924 493 1972 ;
513 1904 653 1983 precipue
667 1905 691 1960 si
706 1904 760 1961 viri
775 1901 881 1963 eruditi

99 1996 217 2057 fuerint.
227 1993 624 2068 Hisseduloadverteudum‚
641 1993 719 2073 quod
729 1999 752 2054 si
765 1993 878 2056 daernou

100 2085 219 2166 aliquod
233 2090 274 2146 eis
286 2089 357 2148 circa
377 2085 465 2146 fidem
488 2085 610 2145 dubium
629 2095 680 2144 aut
694 2085 881 2145 subtilitatem

100 2191 247 2260 suggerat,
268 2184 364 2242 statim
383 2183 526 2242 constanti
542 2183 640 2240 animo
661 2174 776 2240 tantum
797 2198 883 2259 gerre-

102 2279 188 2339 ratim
204 2274 392 2354 respondeant
408 2296 415 2332 ε
430 2277 496 2354 Ego
512 2276 603 2335 credo
622 2274 706 2354 quod
729 2276 763 2336 S.
783 2289 883 2336 mater·

102 2371 241 2433 Ecclesia
253 2369 368 2442 credit,
391 2388 462 2447 quoe
477 2368 633 2426 veritatem
650 2367 748 2427 credit
762 2381 792 2426 et
804 2370 885 2427 eon-'

98 2465 216 2544 fitetur.
230 2463 420 2541 llorteturque
429 2457 568 2520 Sacerdos
578 2459 741 2533 infirmum,
750 2469 782 2518 ut
792 2463 884 2519 maxi-

104 2576 169 2617 rnas
185 2557 247 2615 Deo
264 2557 366 2631 gratias
387 2562 470 2631 agat,
490 2549 569 2633 quod
589 2552 684 2630 ipsum
704 2553 734 2609 in
751 2551 882 2613 Ecclesia

105 2652 202 2710 sinum
211 2651 248 2710 ab
261 2647 440 2709 incunabulis
450 2649 576 2726 occipere
587 2643 721 2722 diguatus
733 2648 769 2706 sit
783 2667 791 2716 ς
806 2645 884 2706 ideo·

105 2765 164 2825 que
180 2747 211 2803 iu
226 2746 286 2823 ipsa
305 2741 361 2801 fide
381 2740 527 2820 usquead
547 2751 708 2801 extremum
731 2744 796 2799 vita
819 2759 882 2817 per-

100 2857 237 2898 severare
250 2835 324 2896 velle
337 2835 512 2915 profiteatur.
536 2834 697 2911 Praecipuus
712 2840 807 2890 tamen
822 2849 882 2890 mo

106 2921 882 3004 dus,etutilioradhujusmoditentationesrepelleudas

106 3029 159 3087 erit
171 3034 296 3086 mentem
307 3023 363 3082 alio
374 3021 529 3095 divertere,
542 3018 668 3096 aliosque
680 3017 773 3075 varios
784 3014 882 3078 elicere

107 3131 210 3195 actus,
232 3136 336 3196 nempe
349 3114 525 3176 contritionis
538 3155 547 3187 ‚
569 3114 648 3193 spei,
661 3110 806 3173 charitatis
817 3130 880 3187 erga
