1956 3608
163 236 222 308 246
384 248 488 293 mirre
507 250 713 295 comasino.

162 365 227 426 pars
241 343 422 424 responderet
438 365 445 400 ε
461 346 527 406 Nos
545 343 594 407 tic
609 366 719 407 sumne
732 347 826 425 ,puio
842 347 937 423 ιἠίεν-

162 461 237 499 num
255 460 317 498 non
335 438 543 515 cogitavimus.
571 439 620 498 air
647 439 680 499 S.
703 439 883 501 Vencentius
906 441 940 502 tle

162 533 270 602 Pania,
293 531 370 610 quod
391 535 413 591 si
434 544 561 613 peccator
579 536 744 596 missionem
758 575 768 610 ‚
782 546 843 597 'aut
858 550 941 597 exer·

161 632 224 689 citia
240 627 396 705 spiritualia
424 627 560 707 antliret,
579 638 608 691 et
626 650 686 693 urin
703 640 940 706 converteretur,

160 719 298 779 mirac-nlo
317 718 346 777 id
368 721 554 781 tribuendum
577 734 660 781 esset.
683 723 750 783 lam
767 725 798 781 in
813 726 941 783 oratione

161 813 278 874 mentali
307 815 384 873 Dens
405 825 448 874 est
467 818 519 895 qni
547 815 696 896 loquitur:
724 821 852 879 Ducam
872 838 941 878 eom

160 912 191 970 in
202 911 413 982 solitudinem,
432 924 459 970 et
468 912 582 987 loquor
591 910 635 971 od
644 932 700 971 cor
710 914 785 984 ejus.
802 912 895 973 Oseoe
907 936 942 985 2,

166 1012 210 1080 ιζ..
231 1005 415 1082 Deosotiqnc
426 1007 504 1062 omni
519 1007 716 1064 concionatore
730 1004 835 1064 melius
851 1005 943 1085 loqui»

161 1109 216 1156 tur.
230 1097 340 1155 Omnes
352 1100 440 1156 sancti
455 1101 670 1176 perorationem
682 1099 838 1159 mentalem
851 1101 940 1159 sancti

161 1191 227 1252 facti
241 1202 317 1251 sont.
344 1193 376 1250 lit
391 1195 564 1271 experientia
579 1195 684 1252 scimus
699 1192 798 1272 qnod,
814 1197 863 1272 qui
877 1212 943 1253 ora·

162 1290 232 1346 tioni
249 1286 366 1345 mentali
378 1285 447 1345 dant
462 1306 597 1366 operam,
615 1284 769 1348 difficulter
782 1289 813 1346 in
830 1298 942 1366 peccata

164 1379 292 1438 mortalia
314 1378 468 1446 ‹lecirlont3
488 1389 516 1438 et
542 1383 568 1437 si
590 1396 658 1439 caso
682 1378 839 1458 aliquando
854 1383 886 1438 in
911 1398 946 1439 ea

164 1473 323 1547 labuntur,
348 1474 467 1531 orationi
492 1471 674 1547 insistendo,
700 1474 796 1532 statim
823 1475 950 1552 resipia-

164 1572 252 1639 cunt,
269 1561 348 1622 etad
363 1562 459 1623 Deum
477 1562 608 1623 redeunt.
637 1565 738 1625 Oratio
758 1552 896 1624 mentalis
917 1574 953 1624 et

166 1669 313 1739 peccatum
329 1678 386 1719 una
401 1658 486 1718 simul
500 1663 652 1721 consistere
663 1667 822 1738 nequeunt.
840 1659 953 1721 Aiebat

167 1753 286 1831 qnidam
295 1773 394 1813 servus
402 1754 475 1826 Dei,
486 1752 564 1832 quod
574 1753 657 1813 multi
669 1756 786 1814 recitant
794 1755 952 1828 rosarium,

164 1844 294 1907 officium
307 1848 425 1923 virginis
442 1848 564 1922 Mariae,
588 1850 736 1924 jejunant,
759 1856 788 1907 et
802 1849 833 1906 in
846 1866 949 1928 pecca·

168 1944 204 1999 tis
215 1943 312 2000 vivere
330 1950 450 2020 pergunt
462 1962 469 2010 ;
487 1940 537 2000 sed
549 1944 599 2019 qni
612 1944 767 2000 orationem
782 1960 842 2000 non
857 1944 948 2000 inter-

168 2036 275 2109 mittit,
290 2033 464 2115 impossibile
482 2043 525 2093 est
546 2043 578 2092 ut
599 2037 629 2092 in
650 2034 704 2092 Dei
724 2032 831 2093 offensa
852 2037 942 2094 vitam

130 2198 134 2203 ⁸
168 2139 353 2210 prosequatur
375 2128 496 2198 ducere,
514 2137 563 2186 aut
584 2128 661 2184 enim
680 2130 843 2188 orationem
858 2131 942 2188 ornit-

169 2232 226 2297 tet,
241 2233 291 2283 aut
302 2244 317 2282 a
330 2226 450 2302 peccatis
462 2221 591 2281 cessabit.
608 2217 665 2279 Sed
678 2221 700 2277 si
716 2223 876 2282 orationem
887 2241 940 2282 non

171 2317 306 2388 omittet,
337 2332 396 2372 non
424 2313 515 2373 solum
540 2321 653 2393 peccata
676 2309 837 2390 relinquet,
861 2312 940 2373 seria

170 2410 304 2472 creaturis
317 2424 445 2469 amorem
458 2426 543 2468 sunm
559 2408 737 2480 removebit,
754 2416 782 2466 et
798 2406 836 2466 ad
849 2408 942 2468 Deum

172 2502 940 2583 convenietinmeditationemeoexordescetignis.

173 2600 224 2656 Ps.
242 2600 303 2671 38,
319 2603 349 2670 4.
376 2596 477 2654 Oratio
490 2605 532 2653 esr
546 2595 647 2655 fornax
660 2596 710 2653 ubi
725 2595 830 2655 animae
843 2612 943 2657 accen-

173 2688 282 2749 duntur
294 2691 324 2746 in
341 2686 473 2747 divinum
488 2708 625 2748 amorem.

213 2784 283 2844 218.
305 2776 463 2859 Loquendo
491 2779 526 2839 de
549 2779 608 2841 loco
634 2781 683 2838 ubi
706 2784 795 2840 oratio
815 2778 942 2841 iacienda

175 2881 234 2951 sit,
259 2877 348 2952 magis
369 2875 495 2954 proprior
513 2884 556 2934 est
576 2876 691 2932 ecclesia
714 2895 721 2944 ;
748 2872 798 2933 sed
820 2873 943 2954 illisqui

176 2973 310 3047 tinette,
330 2980 380 3031 ant
391 2970 430 3029 ibi
441 2971 546 3031 morari
555 2978 720 3049 nequeunt,
735 2972 858 3051 quisque
869 2968 943 3031 iocos

176 3071 226 3126 erit
242 3069 360 3127 orationi
375 3075 476 3145 aptus,
495 3068 555 3124 sive
569 3067 626 3123 sint
640 3062 760 3138 domus,
785 3066 848 3125 sive
862 3064 943 3125 villa.

174 3162 271 3225 Etiam
282 3164 355 3242 iter,
370 3171 400 3222 et
411 3159 491 3222 labor
504 3161 625 3220 orationi
634 3176 692 3217 non
706 3156 945 3231 disconveniunt,
