<?xml version="1.0" encoding="UTF-8"?>
<!DOCTYPE html PUBLIC "-//W3C//DTD XHTML 1.0 Transitional//EN"
    "http://www.w3.org/TR/xhtml1/DTD/xhtml1-transitional.dtd">
<html xmlns="http://www.w3.org/1999/xhtml" xml:lang="en" lang="en">
 <head>
  <title>
</title>
<meta http-equiv="Content-Type" content="text/html;charset=utf-8" />
  <meta name='ocr-system' content='tesseract 3.04.00' />
  <meta name='ocr-capabilities' content='ocr_page ocr_carea ocr_par ocr_line ocrx_word'/>
</head>
<body>
  <div class='ocr_page' id='page_1' title='image "./praxiaconfessar00ligugoog_0305.png"; bbox 0 0 1956 3608; ppageno 0'>
   <div class='ocr_carea' id='block_1_1' title="bbox 96 216 650 288">
    <p class='ocr_par' dir='ltr' id='par_1_1' title="bbox 96 216 650 288">
     <span class='ocr_line' id='line_1_1' title="bbox 96 216 650 288; baseline -0.013 -11"><span class='ocrx_word' id='word_1_1' title='bbox 96 216 155 278; x_wconf 83' lang='lat'>300</span> <span class='ocrx_word' id='word_1_2' title='bbox 250 264 257 273; x_wconf 94' lang='lat'><strong><em>.</em></strong></span> <span class='ocrx_word' id='word_1_3' title='bbox 314 228 420 273; x_wconf 72' lang='lat' dir='ltr'>rntxrs</span> <span class='ocrx_word' id='word_1_4' title='bbox 444 227 650 288; x_wconf 75' lang='lat' dir='ltr'>conrassenrr.</span> 
     </span>
    </p>
   </div>
   <div class='ocr_carea' id='block_1_2' title="bbox 95 318 867 692">
    <p class='ocr_par' dir='ltr' id='par_1_2' title="bbox 95 318 867 692">
     <span class='ocr_line' id='line_1_2' title="bbox 96 318 864 400; baseline -0.003 -16"><span class='ocrx_word' id='word_1_5' title='bbox 96 343 150 384; x_wconf 86' lang='lat' dir='ltr'>nos</span> <span class='ocrx_word' id='word_1_6' title='bbox 164 321 236 383; x_wconf 86' lang='lat' dir='ltr'>ferre</span> <span class='ocrx_word' id='word_1_7' title='bbox 254 333 428 395; x_wconf 87' lang='lat' dir='ltr'>sanxemnt,</span> <span class='ocrx_word' id='word_1_8' title='bbox 455 323 494 380; x_wconf 88' lang='lat' dir='ltr'>ita</span> <span class='ocrx_word' id='word_1_9' title='bbox 511 318 701 397; x_wconf 67' lang='lat' dir='ltr'>benessdiccre</span> <span class='ocrx_word' id='word_1_10' title='bbox 724 319 864 400; x_wconf 78' lang='lat' dir='ltr'>digneris,</span> 
     </span>
     <span class='ocr_line' id='line_1_3' title="bbox 96 402 866 499; baseline 0 -20"><span class='ocrx_word' id='word_1_11' title='bbox 96 430 128 479; x_wconf 89' lang='lat' dir='ltr'>ut</span> <span class='ocrx_word' id='word_1_12' title='bbox 142 421 192 499; x_wconf 90' lang='lat' dir='ltr'>qui</span> <span class='ocrx_word' id='word_1_13' title='bbox 209 418 264 477; x_wconf 85' lang='lat' dir='ltr'>iliis</span> <span class='ocrx_word' id='word_1_14' title='bbox 278 418 363 478; x_wconf 87' lang='lat' dir='ltr'>fuerit</span> <span class='ocrx_word' id='word_1_15' title='bbox 383 415 523 491; x_wconf 86' lang='lat' dir='ltr'>indutus,</span> <span class='ocrx_word' id='word_1_16' title='bbox 547 437 662 496; x_wconf 87' lang='lat' dir='ltr'>corpore</span> <span class='ocrx_word' id='word_1_17' title='bbox 683 420 810 497; x_wconf 88' lang='lat' dir='ltr'>pariter,</span> <span class='ocrx_word' id='word_1_18' title='bbox 836 402 866 478; x_wconf 65' lang='lat' dir='ltr'>ec</span> 
     </span>
     <span class='ocr_line' id='line_1_4' title="bbox 95 511 867 592; baseline -0.004 -17"><span class='ocrx_word' id='word_1_19' title='bbox 95 517 192 575; x_wconf 86' lang='lat' dir='ltr'>anima</span> <span class='ocrx_word' id='word_1_20' title='bbox 207 512 307 572; x_wconf 84' lang='lat' dir='ltr'>induat</span> <span class='ocrx_word' id='word_1_21' title='bbox 322 521 349 572; x_wconf 89' lang='lat' dir='ltr'>te</span> <span class='ocrx_word' id='word_1_22' title='bbox 364 511 542 572; x_wconf 81' lang='lat' dir='ltr'>Salvatorem</span> <span class='ocrx_word' id='word_1_23' title='bbox 557 521 699 572; x_wconf 86' lang='lat' dir='ltr'>nostrum.</span> <span class='ocrx_word' id='word_1_24' title='bbox 722 514 784 592; x_wconf 89' lang='lat' dir='ltr'>Qui</span> <span class='ocrx_word' id='word_1_25' title='bbox 796 515 867 575; x_wconf 82' lang='lat' dir='ltr'>vivis</span> 
     </span>
     <span class='ocr_line' id='line_1_5' title="bbox 96 605 708 692; baseline -0.007 -23"><span class='ocrx_word' id='word_1_26' title='bbox 96 618 124 669; x_wconf 90' lang='lat' dir='ltr'>et</span> <span class='ocrx_word' id='word_1_27' title='bbox 142 625 240 685; x_wconf 81' lang='lat' dir='ltr'>regnas</span> <span class='ocrx_word' id='word_1_28' title='bbox 255 608 285 666; x_wconf 93' lang='lat' dir='ltr'>in</span> <span class='ocrx_word' id='word_1_29' title='bbox 300 605 393 668; x_wconf 86' lang='lat' dir='ltr'>secula</span> <span class='ocrx_word' id='word_1_30' title='bbox 412 605 581 667; x_wconf 85' lang='lat' dir='ltr'>seculorum.</span> <span class='ocrx_word' id='word_1_31' title='bbox 602 606 708 692; x_wconf 73' lang='lat' dir='ltr'>Amen.</span> 
     </span>
    </p>
   </div>
   <div class='ocr_carea' id='block_1_3' title="bbox 96 728 865 943">
    <p class='ocr_par' dir='ltr' id='par_1_3' title="bbox 96 728 865 943">
     <span class='ocr_line' id='line_1_6' title="bbox 96 728 865 846; baseline 0.003 -20"><span class='ocrx_word' id='word_1_32' title='bbox 96 728 209 829; x_wconf 58' lang='lat' dir='ltr'>Postea¹</span> <span class='ocrx_word' id='word_1_33' title='bbox 232 765 410 839; x_wconf 82' lang='lat' dir='ltr'>Sacerdos,</span> <span class='ocrx_word' id='word_1_34' title='bbox 429 754 569 844; x_wconf 61' lang='lat' dir='ltr'>vasperso</span> <span class='ocrx_word' id='word_1_35' title='bbox 597 766 762 845; x_wconf 68' lang='lat' dir='ltr'>scapulare</span> <span class='ocrx_word' id='word_1_36' title='bbox 788 787 865 846; x_wconf 77' lang='lat' dir='ltr'>oque</span> 
     </span>
     <span class='ocr_line' id='line_1_7' title="bbox 198 860 861 943; baseline -0.003 -21"><span class='ocrx_word' id='word_1_37' title='bbox 198 861 375 934; x_wconf 83' lang='lat' dir='ltr'>benedicto,</span> <span class='ocrx_word' id='word_1_38' title='bbox 399 861 632 939; x_wconf 77' lang='lat' dir='ltr'>illodimponot</span> <span class='ocrx_word' id='word_1_39' title='bbox 647 860 772 943; x_wconf 79' lang='lat' dir='ltr'>dicens.-</span> <span class='ocrx_word' id='word_1_40' title='bbox 858 932 861 939; x_wconf 25' lang='grc' dir='ltr'>Ι</span> 
     </span>
    </p>
   </div>
   <div class='ocr_carea' id='block_1_4' title="bbox 96 1019 869 1754">
    <p class='ocr_par' dir='ltr' id='par_1_4' title="bbox 96 1019 869 1478">
     <span class='ocr_line' id='line_1_8' title="bbox 137 1019 869 1096; baseline -0.001 -16"><span class='ocrx_word' id='word_1_41' title='bbox 137 1021 268 1096; x_wconf 75' lang='lat' dir='ltr'>Acerra,</span> <span class='ocrx_word' id='word_1_42' title='bbox 282 1020 447 1081; x_wconf 84' lang='lat' dir='ltr'>charissime</span> <span class='ocrx_word' id='word_1_43' title='bbox 460 1019 561 1095; x_wconf 84' lang='lat' dir='ltr'>frater,</span> <span class='ocrx_word' id='word_1_44' title='bbox 577 1019 709 1080; x_wconf 86' lang='lat' dir='ltr'>habitum</span> <span class='ocrx_word' id='word_1_45' title='bbox 724 1020 759 1079; x_wconf 91' lang='lat' dir='ltr'>B.</span> <span class='ocrx_word' id='word_1_46' title='bbox 773 1020 869 1081; x_wconf 75' lang='lat' dir='ltr'>Mario</span> 
     </span>
     <span class='ocr_line' id='line_1_9' title="bbox 96 1114 868 1193; baseline -0.005 -18"><span class='ocrx_word' id='word_1_47' title='bbox 96 1117 232 1193; x_wconf 83' lang='lat' dir='ltr'>virginis,</span> <span class='ocrx_word' id='word_1_48' title='bbox 248 1115 389 1193; x_wconf 79' lang='lat' dir='ltr'>singulare</span> <span class='ocrx_word' id='word_1_49' title='bbox 399 1118 512 1193; x_wconf 78' lang='lat' dir='ltr'>signnm</span> <span class='ocrx_word' id='word_1_50' title='bbox 522 1133 669 1176; x_wconf 87' lang='lat' dir='ltr'>servorum</span> <span class='ocrx_word' id='word_1_51' title='bbox 686 1135 826 1190; x_wconf 90' lang='lat' dir='ltr'>suorum,</span> <span class='ocrx_word' id='word_1_52' title='bbox 843 1114 868 1171; x_wconf 91' lang='lat' dir='ltr'>in</span> 
     </span>
     <span class='ocr_line' id='line_1_10' title="bbox 97 1208 869 1290; baseline -0.005 -22"><span class='ocrx_word' id='word_1_53' title='bbox 97 1211 265 1270; x_wconf 83' lang='lat' dir='ltr'>memoriam</span> <span class='ocrx_word' id='word_1_54' title='bbox 278 1219 385 1290; x_wconf 88' lang='lat' dir='ltr'>septem</span> <span class='ocrx_word' id='word_1_55' title='bbox 397 1208 536 1269; x_wconf 86' lang='lat' dir='ltr'>Dolomm</span> <span class='ocrx_word' id='word_1_56' title='bbox 549 1251 558 1284; x_wconf 96' lang='lat'>,</span> <span class='ocrx_word' id='word_1_57' title='bbox 572 1228 643 1289; x_wconf 89' lang='lat' dir='ltr'>qnos</span> <span class='ocrx_word' id='word_1_58' title='bbox 656 1210 717 1288; x_wconf 87' lang='lat' dir='ltr'>ipsa</span> <span class='ocrx_word' id='word_1_59' title='bbox 733 1211 764 1267; x_wconf 89' lang='lat' dir='ltr'>in</span> <span class='ocrx_word' id='word_1_60' title='bbox 778 1212 836 1269; x_wconf 87' lang='lat' dir='ltr'>vita</span> <span class='ocrx_word' id='word_1_61' title='bbox 845 1215 869 1266; x_wconf 90' lang='lat' dir='ltr'>et</span> 
     </span>
     <span class='ocr_line' id='line_1_11' title="bbox 97 1303 869 1382; baseline -0.005 -18"><span class='ocrx_word' id='word_1_62' title='bbox 97 1313 189 1364; x_wconf 90' lang='lat' dir='ltr'>morte</span> <span class='ocrx_word' id='word_1_63' title='bbox 203 1307 341 1382; x_wconf 81' lang='lat' dir='ltr'>unigeniti</span> <span class='ocrx_word' id='word_1_64' title='bbox 351 1303 416 1364; x_wconf 89' lang='lat' dir='ltr'>Filii</span> <span class='ocrx_word' id='word_1_65' title='bbox 430 1306 474 1362; x_wconf 92' lang='lat' dir='ltr'>sni</span> <span class='ocrx_word' id='word_1_66' title='bbox 487 1306 642 1378; x_wconf 88' lang='lat' dir='ltr'>sustinuit,</span> <span class='ocrx_word' id='word_1_67' title='bbox 655 1312 688 1363; x_wconf 91' lang='lat' dir='ltr'>nt</span> <span class='ocrx_word' id='word_1_68' title='bbox 702 1305 742 1364; x_wconf 86' lang='lat' dir='ltr'>ita</span> <span class='ocrx_word' id='word_1_69' title='bbox 756 1303 869 1364; x_wconf 87' lang='lat' dir='ltr'>indutus</span> 
     </span>
     <span class='ocr_line' id='line_1_12' title="bbox 98 1397 659 1478; baseline -0.002 -20"><span class='ocrx_word' id='word_1_70' title='bbox 98 1399 152 1459; x_wconf 82' lang='lat' dir='ltr'>sub</span> <span class='ocrx_word' id='word_1_71' title='bbox 166 1397 229 1476; x_wconf 84' lang='lat' dir='ltr'>ejus</span> <span class='ocrx_word' id='word_1_72' title='bbox 246 1401 401 1477; x_wconf 88' lang='lat' dir='ltr'>patrocinio</span> <span class='ocrx_word' id='word_1_73' title='bbox 415 1408 551 1478; x_wconf 88' lang='lat' dir='ltr'>perpetuo</span> <span class='ocrx_word' id='word_1_74' title='bbox 566 1401 659 1459; x_wconf 82' lang='lat' dir='ltr'>vivas.</span> 
     </span>
    </p>

    <p class='ocr_par' dir='ltr' id='par_1_5' title="bbox 98 1487 868 1754">
     <span class='ocr_line' id='line_1_13' title="bbox 137 1487 868 1568; baseline -0.001 -20"><span class='ocrx_word' id='word_1_75' title='bbox 137 1490 301 1550; x_wconf 78' lang='lat' dir='ltr'>Benedictio</span> <span class='ocrx_word' id='word_1_76' title='bbox 312 1490 366 1546; x_wconf 90' lang='lat' dir='ltr'>Dei</span> <span class='ocrx_word' id='word_1_77' title='bbox 377 1490 582 1568; x_wconf 86' lang='lat' dir='ltr'>omnipotentis</span> <span class='ocrx_word' id='word_1_78' title='bbox 592 1487 625 1565; x_wconf 86' lang='lat'>†,</span> <span class='ocrx_word' id='word_1_79' title='bbox 634 1489 740 1561; x_wconf 87' lang='lat' dir='ltr'>Patris,</span> <span class='ocrx_word' id='word_1_80' title='bbox 754 1499 781 1549; x_wconf 88' lang='lat' dir='ltr'>et</span> <span class='ocrx_word' id='word_1_81' title='bbox 791 1489 868 1560; x_wconf 87' lang='lat' dir='ltr'>Filii,</span> 
     </span>
     <span class='ocr_line' id='line_1_14' title="bbox 98 1578 868 1661; baseline -0.001 -22"><span class='ocrx_word' id='word_1_82' title='bbox 98 1588 125 1639; x_wconf 91' lang='lat' dir='ltr'>et</span> <span class='ocrx_word' id='word_1_83' title='bbox 136 1581 260 1660; x_wconf 86' lang='lat' dir='ltr'>Spiritus</span> <span class='ocrx_word' id='word_1_84' title='bbox 274 1580 373 1640; x_wconf 88' lang='lat' dir='ltr'>Sancti</span> <span class='ocrx_word' id='word_1_85' title='bbox 387 1578 541 1641; x_wconf 79' lang='lat' dir='ltr'><strong>descendat</strong></span> <span class='ocrx_word' id='word_1_86' title='bbox 558 1589 705 1661; x_wconf 86' lang='lat' dir='ltr'>superte,</span> <span class='ocrx_word' id='word_1_87' title='bbox 721 1590 750 1640; x_wconf 89' lang='lat' dir='ltr'>et</span> <span class='ocrx_word' id='word_1_88' title='bbox 760 1588 868 1641; x_wconf 84' lang='lat' dir='ltr'>maneat</span> 
     </span>
     <span class='ocr_line' id='line_1_15' title="bbox 98 1673 868 1754; baseline -0.001 -22"><span class='ocrx_word' id='word_1_89' title='bbox 98 1693 220 1754; x_wconf 78' lang='lat' dir='ltr'>semper.</span> <span class='ocrx_word' id='word_1_90' title='bbox 243 1673 339 1734; x_wconf 84' lang='lat' dir='ltr'>Passio</span> <span class='ocrx_word' id='word_1_91' title='bbox 362 1673 482 1733; x_wconf 89' lang='lat' dir='ltr'>Domini</span> <span class='ocrx_word' id='word_1_92' title='bbox 498 1675 592 1743; x_wconf 81' lang='lat' dir='ltr'>nostri</span> <span class='ocrx_word' id='word_1_93' title='bbox 611 1673 679 1733; x_wconf 78' lang='lat' dir='ltr'>iesu</span> <span class='ocrx_word' id='word_1_94' title='bbox 698 1673 828 1750; x_wconf 81' lang='lat' dir='ltr'>Christi,</span> <span class='ocrx_word' id='word_1_95' title='bbox 845 1681 868 1732; x_wconf 92' lang='lat' dir='ltr'>et</span> 
     </span>
    </p>
   </div>
   <div class='ocr_carea' id='block_1_5' title="bbox 100 1768 868 1849">
    <p class='ocr_par' dir='ltr' id='par_1_6' title="bbox 100 1768 868 1849">
     <span class='ocr_line' id='line_1_16' title="bbox 100 1768 868 1849; baseline -0.007 -20"><span class='ocrx_word' id='word_1_96' title='bbox 100 1771 257 1849; x_wconf 88' lang='lat' dir='ltr'>compassio</span> <span class='ocrx_word' id='word_1_97' title='bbox 272 1770 362 1829; x_wconf 85' lang='lat' dir='ltr'>beatae</span> <span class='ocrx_word' id='word_1_98' title='bbox 381 1769 482 1828; x_wconf 86' lang='lat' dir='ltr'>Mariae</span> <span class='ocrx_word' id='word_1_99' title='bbox 495 1770 612 1845; x_wconf 83' lang='lat' dir='ltr'>virginis</span> <span class='ocrx_word' id='word_1_100' title='bbox 626 1771 663 1828; x_wconf 88' lang='lat' dir='ltr'>sit</span> <span class='ocrx_word' id='word_1_101' title='bbox 677 1770 712 1827; x_wconf 85' lang='lat' dir='ltr'>in¹</span> <span class='ocrx_word' id='word_1_102' title='bbox 722 1768 808 1829; x_wconf 89' lang='lat' dir='ltr'>corde</span> <span class='ocrx_word' id='word_1_103' title='bbox 818 1785 833 1846; x_wconf 81' lang='lat'>,·</span> <span class='ocrx_word' id='word_1_104' title='bbox 844 1775 868 1826; x_wconf 92' lang='lat' dir='ltr'>et</span> 
     </span>
    </p>
   </div>
   <div class='ocr_carea' id='block_1_6' title="bbox 100 1865 457 1945">
    <p class='ocr_par' dir='ltr' id='par_1_7' title="bbox 100 1865 457 1945">
     <span class='ocr_line' id='line_1_17' title="bbox 100 1865 457 1945; baseline -0.006 -21"><span class='ocrx_word' id='word_1_105' title='bbox 100 1885 214 1945; x_wconf 89' lang='lat' dir='ltr'>corpore</span> <span class='ocrx_word' id='word_1_106' title='bbox 225 1874 330 1939; x_wconf 82' lang='lat' dir='ltr'>nostro.</span> <span class='ocrx_word' id='word_1_107' title='bbox 352 1865 457 1923; x_wconf 79' lang='lat' dir='ltr'>Amen.</span> 
     </span>
    </p>
   </div>
   <div class='ocr_carea' id='block_1_7' title="bbox 101 2024 866 2200">
    <p class='ocr_par' dir='ltr' id='par_1_8' title="bbox 101 2024 866 2200">
     <span class='ocr_line' id='line_1_18' title="bbox 101 2024 866 2107; baseline 0.003 -21"><span class='ocrx_word' id='word_1_108' title='bbox 101 2043 172 2104; x_wconf 66' lang='lat'><strong>292.</strong></span> <span class='ocrx_word' id='word_1_109' title='bbox 191 2024 365 2086; x_wconf 73' lang='lat' dir='ltr'>Benedictio</span> <span class='ocrx_word' id='word_1_110' title='bbox 386 2024 557 2103; x_wconf 78' lang='lat' dir='ltr'>scapularis</span> <span class='ocrx_word' id='word_1_111' title='bbox 583 2025 797 2107; x_wconf 76' lang='lat' dir='ltr'>conceptionis</span> <span class='ocrx_word' id='word_1_112' title='bbox 812 2027 866 2088; x_wconf 84' lang='lat' dir='ltr'>im·</span> 
     </span>
     <span class='ocr_line' id='line_1_19' title="bbox 295 2118 681 2200; baseline 0.01 -22"><span class='ocrx_word' id='word_1_113' title='bbox 295 2119 461 2181; x_wconf 74' lang='lat' dir='ltr'>maculate</span> <span class='ocrx_word' id='word_1_114' title='bbox 480 2118 538 2200; x_wconf 81' lang='lat' dir='ltr'>Dei</span> <span class='ocrx_word' id='word_1_115' title='bbox 558 2121 681 2182; x_wconf 82' lang='lat' dir='ltr'>Matris.</span> 
     </span>
    </p>
   </div>
   <div class='ocr_carea' id='block_1_8' title="bbox 13 2275 842 2356">
    <p class='ocr_par' dir='ltr' id='par_1_9' title="bbox 13 2275 842 2356">
     <span class='ocr_line' id='line_1_20' title="bbox 13 2275 842 2356; baseline 0.006 -21"><span class='ocrx_word' id='word_1_116' title='bbox 13 2284 26 2296; x_wconf 72' lang='grc'><strong>’</strong></span> <span class='ocrx_word' id='word_1_117' title='bbox 58 2285 68 2301; x_wconf 72' lang='grc'>““</span> <span class='ocrx_word' id='word_1_118' title='bbox 139 2286 171 2336; x_wconf 76' lang='lat' dir='ltr'>n.</span> <span class='ocrx_word' id='word_1_119' title='bbox 192 2275 375 2352; x_wconf 75' lang='lat' dir='ltr'>Adiutorinm</span> <span class='ocrx_word' id='word_1_120' title='bbox 389 2284 519 2336; x_wconf 84' lang='lat' dir='ltr'>nostrum</span> <span class='ocrx_word' id='word_1_121' title='bbox 531 2278 562 2335; x_wconf 90' lang='lat' dir='ltr'>in</span> <span class='ocrx_word' id='word_1_122' title='bbox 576 2281 695 2340; x_wconf 90' lang='lat' dir='ltr'>nomine</span> <span class='ocrx_word' id='word_1_123' title='bbox 706 2281 842 2356; x_wconf 80' lang='lat' dir='ltr'>Domini,</span> 
     </span>
    </p>
   </div>
   <div class='ocr_carea' id='block_1_9' title="bbox 139 2368 827 2522">
    <p class='ocr_par' dir='ltr' id='par_1_10' title="bbox 139 2368 827 2522">
     <span class='ocr_line' id='line_1_21' title="bbox 140 2368 827 2447; baseline 0.016 -20"><span class='ocrx_word' id='word_1_124' title='bbox 140 2384 174 2432; x_wconf 81' lang='lat' dir='ltr'>nt.</span> <span class='ocrx_word' id='word_1_125' title='bbox 198 2370 256 2447; x_wconf 89' lang='lat' dir='ltr'>Qui</span> <span class='ocrx_word' id='word_1_126' title='bbox 275 2368 341 2429; x_wconf 87' lang='lat' dir='ltr'>fecit</span> <span class='ocrx_word' id='word_1_127' title='bbox 355 2369 457 2429; x_wconf 87' lang='lat' dir='ltr'>coeium</span> <span class='ocrx_word' id='word_1_128' title='bbox 473 2379 502 2430; x_wconf 89' lang='lat' dir='ltr'>et</span> <span class='ocrx_word' id='word_1_129' title='bbox 518 2379 633 2432; x_wconf 86' lang='lat' dir='ltr'>terram.</span> <span class='ocrx_word' id='word_1_130' title='bbox 704 2436 709 2442; x_wconf 76' lang='grc'>,</span> <span class='ocrx_word' id='word_1_131' title='bbox 825 2434 827 2438; x_wconf 21' lang='lat'><em>1</em></span> 
     </span>
     <span class='ocr_line' id='line_1_22' title="bbox 139 2450 773 2522; baseline 0 -12"><span class='ocrx_word' id='word_1_132' title='bbox 139 2451 175 2522; x_wconf 71' lang='lat' dir='ltr'>ti.</span> <span class='ocrx_word' id='word_1_133' title='bbox 197 2451 341 2510; x_wconf 89' lang='lat' dir='ltr'>Dominus</span> <span class='ocrx_word' id='word_1_134' title='bbox 356 2451 514 2512; x_wconf 90' lang='lat' dir='ltr'>vobiscum.</span> <span class='ocrx_word' id='word_1_135' title='bbox 769 2450 773 2456; x_wconf 83' lang='grc'><strong>’</strong></span> 
     </span>
    </p>
   </div>
   <div class='ocr_carea' id='block_1_10' title="bbox 141 2534 577 2771">
    <p class='ocr_par' dir='ltr' id='par_1_11' title="bbox 141 2534 577 2771">
     <span class='ocr_line' id='line_1_23' title="bbox 141 2534 519 2626; baseline 0 -20"><span class='ocrx_word' id='word_1_136' title='bbox 141 2562 176 2619; x_wconf 67' lang='lat' dir='ltr'>nr.</span> <span class='ocrx_word' id='word_1_137' title='bbox 187 2534 190 2541; x_wconf 68' lang='grc'><strong>’</strong></span> <span class='ocrx_word' id='word_1_138' title='bbox 201 2547 237 2606; x_wconf 86' lang='lat' dir='ltr'>Et</span> <span class='ocrx_word' id='word_1_139' title='bbox 251 2566 318 2607; x_wconf 90' lang='lat' dir='ltr'>cum</span> <span class='ocrx_word' id='word_1_140' title='bbox 336 2544 444 2626; x_wconf 85' lang='lat' dir='ltr'>Spiritu</span> <span class='ocrx_word' id='word_1_141' title='bbox 459 2555 519 2606; x_wconf 78' lang='lat' dir='ltr'>tu&#39;o.</span> 
     </span>
     <span class='ocr_line' id='line_1_24' title="bbox 340 2722 577 2771; baseline 0.025 -8"><span class='ocrx_word' id='word_1_142' title='bbox 340 2767 341 2771; x_wconf 51' lang='lat'>,</span> <span class='ocrx_word' id='word_1_143' title='bbox 404 2722 577 2770; x_wconf 76' lang='lat' dir='ltr'>ennacos.</span> 
     </span>
    </p>
   </div>
   <div class='ocr_carea' id='block_1_11' title="bbox 101 2856 879 3227">
    <p class='ocr_par' dir='ltr' id='par_1_12' title="bbox 101 2856 879 3227">
     <span class='ocr_line' id='line_1_25' title="bbox 141 2856 874 2937; baseline 0.004 -20"><span class='ocrx_word' id='word_1_144' title='bbox 141 2857 274 2917; x_wconf 81' lang='lat' dir='ltr'>Dommn</span> <span class='ocrx_word' id='word_1_145' title='bbox 298 2857 365 2919; x_wconf 84' lang='lat' dir='ltr'>Jesn</span> <span class='ocrx_word' id='word_1_146' title='bbox 393 2856 526 2931; x_wconf 85' lang='lat' dir='ltr'>Christe,</span> <span class='ocrx_word' id='word_1_147' title='bbox 554 2859 604 2937; x_wconf 88' lang='lat' dir='ltr'>qni</span> <span class='ocrx_word' id='word_1_148' title='bbox 629 2865 741 2936; x_wconf 82' lang='lat' dir='ltr'>tegmen</span> <span class='ocrx_word' id='word_1_149' title='bbox 770 2868 874 2920; x_wconf 81' lang='lat' dir='ltr'>nostrae</span> 
     </span>
     <span class='ocr_line' id='line_1_26' title="bbox 102 2946 877 3033; baseline -0.003 -19"><span class='ocrx_word' id='word_1_150' title='bbox 102 2953 282 3028; x_wconf 83' lang='lat' dir='ltr'>mortaiitatis</span> <span class='ocrx_word' id='word_1_151' title='bbox 298 2946 416 3012; x_wconf 85' lang='lat' dir='ltr'>induere¹</span> <span class='ocrx_word' id='word_1_152' title='bbox 428 2951 560 3030; x_wconf 81' lang='lat' dir='ltr'>dignatus</span> <span class='ocrx_word' id='word_1_153' title='bbox 578 2969 609 3017; x_wconf 87' lang='lat' dir='ltr'>es</span> <span class='ocrx_word' id='word_1_154' title='bbox 623 2993 633 3027; x_wconf 96' lang='lat'>,</span> <span class='ocrx_word' id='word_1_155' title='bbox 657 2960 713 3014; x_wconf 80' lang='lat' dir='ltr'>tuae</span> <span class='ocrx_word' id='word_1_156' title='bbox 740 2953 877 3033; x_wconf 77' lang='lat' dir='ltr'>largitatis.</span> 
     </span>
     <span class='ocr_line' id='line_1_27' title="bbox 103 3047 874 3128; baseline 0.004 -23"><span class='ocrx_word' id='word_1_157' title='bbox 103 3047 282 3119; x_wconf 79' lang='lat' dir='ltr'>clementiam</span> <span class='ocrx_word' id='word_1_158' title='bbox 294 3049 440 3109; x_wconf 89' lang='lat' dir='ltr'>humiliter</span> <span class='ocrx_word' id='word_1_159' title='bbox 450 3047 654 3128; x_wconf 86' lang='lat' dir='ltr'>imploramus,</span> <span class='ocrx_word' id='word_1_160' title='bbox 670 3058 703 3109; x_wconf 89' lang='lat' dir='ltr'>ut</span> <span class='ocrx_word' id='word_1_161' title='bbox 715 3047 770 3110; x_wconf 91' lang='lat' dir='ltr'>hoc</span> <span class='ocrx_word' id='word_1_162' title='bbox 786 3067 874 3128; x_wconf 81' lang='lat' dir='ltr'>genus</span> 
     </span>
     <span class='ocr_line' id='line_1_28' title="bbox 101 3141 879 3227; baseline -0.009 -17"><span class='ocrx_word' id='word_1_163' title='bbox 101 3145 294 3227; x_wconf 78' lang='lat' dir='ltr'>vestimenti,</span> <span class='ocrx_word' id='word_1_164' title='bbox 327 3141 407 3226; x_wconf 79' lang='lat' dir='ltr'>quod</span> <span class='ocrx_word' id='word_1_165' title='bbox 434 3141 627 3205; x_wconf 84' lang='lat' dir='ltr'>inhonorem</span> <span class='ocrx_word' id='word_1_166' title='bbox 654 3152 682 3203; x_wconf 87' lang='lat' dir='ltr'>et</span> <span class='ocrx_word' id='word_1_167' title='bbox 707 3148 879 3206; x_wconf 80' lang='lat' dir='ltr'>memoriam</span> 
     </span>
    </p>
   </div>
   <div class='ocr_carea' id='block_1_12' title="bbox 0 0 992 3608">
    <p class='ocr_par' dir='ltr' id='par_1_13' title="bbox 0 0 992 3608">
     <span class='ocr_line' id='line_1_29' title="bbox 0 0 992 3608; baseline 0 0"><span class='ocrx_word' id='word_1_168' title='bbox 0 0 992 3608; x_wconf 95' lang='lat' dir='ltr'> </span> 
     </span>
    </p>
   </div>
  </div>
 </body>
</html>
