1956 3608
159 96 242 169 §.1v.
252 110 292 155 nu
300 106 497 169 nequeumt
504 109 788 158 sucnuunnonmr.
808 118 865 179 ²⁰7

99 205 133 264 Si
146 203 488 283 uliquiseasperientium
503 205 702 283 comperisset
711 226 754 265 ex
767 206 873 283 quoti-

99 295 198 355 diano
216 298 433 356 communione
448 296 554 373 angeri
570 298 690 357 umoris
698 300 873 373 servorem,

97 399 128 447 et
139 407 202 447 nun
216 387 315 445 minui
328 385 550 462 reverentiores,
562 387 631 447 tulis
641 389 764 450 deberet
771 389 874 467 quoti·

99 482 147 541 dte
161 480 408 539 communicare.

144 573 208 634 151.
227 573 263 631 Et
270 566 799 650 quamvisaliquodieacommunione
806 574 875 635 abs-

100 668 190 726 tinere
202 669 239 726 sit
250 667 339 725 etiam
349 666 459 738 virtus,
470 673 569 722 tamen
577 665 671 743 inquit
684 663 715 722 P.
728 664 876 741 Granata,

101 764 129 821 in
144 781 197 821 suo
214 767 337 819 tractatu
358 754 394 815 de
410 758 613 816 communione
630 802 639 831 ,
663 776 725 817 esse
742 778 878 819 commn-

98 875 167 915 nem
192 852 341 912 doctorum
358 852 541 930 opinionem,
563 848 641 930 quod
660 850 763 911 meiius
777 852 813 911 sit
830 871 879 915 ac·

99 948 199 1011 cedere
218 945 346 1033 quotidie
365 944 402 1007 ad
420 947 651 1007 communionem
671 949 707 1006 ob
728 968 878 1025 amorem,

98 1064 188 1124 qnam
199 1044 342 1103 abstinere
352 1042 389 1101 ob
402 1045 602 1101 reverentiam.
619 1041 715 1102 Ethoc
726 1042 879 1104 confirmat

100 1137 180 1197 idem
194 1136 227 1195 S·
240 1135 371 1194 Thomas
390 1136 435 1203 (1)
449 1131 565 1192 dicens:
580 1134 621 1192 Et
633 1132 701 1192 ideo
714 1144 880 1212 utrumqne

97 1227 230 1309 pertinet
240 1225 282 1285 od
291 1223 488 1286 reuerentiam
502 1225 597 1297 huius
611 1224 826 1299 Sacramenti‚
848 1240 880 1287 et

99 1318 188 1397 quod
209 1316 344 1393 quotidie
365 1330 530 1390 sumatur,
553 1329 583 1376 et
597 1316 682 1394 quod
702 1316 877 1394 uh'qnondo

101 1412 300 1475 abstineatur.
315 1413 417 1469 Amor
434 1424 536 1469 tomen
553 1451 564 1481 ‚
584 1424 613 1468 et
636 1431 722 1486 spes,
746 1412 789 1471 od
807 1431 879 1488 quoe

101 1526 223 1584 semper
238 1504 398 1580 Scriptura
411 1521 468 1562 nos
480 1513 648 1577 provocat,
671 1505 880 1577 praeferuntur

103 1601 215 1663 timori.
228 1598 324 1657 Immo
335 1603 409 1655 recte
425 1596 466 1653 ait
485 1593 518 1650 P.
537 1593 724 1666 Barisonius,
742 1591 883 1671 quoditie

103 1696 155 1775 qui
170 1690 208 1752 ad
226 1690 434 1751 Eucharistiam
448 1685 557 1748 accedit
570 1706 637 1747 cum
655 1684 795 1746 desiderio
807 1706 883 1749 cres·

103 1786 187 1851 cendi
202 1789 232 1845 in
247 1803 344 1845 amore
358 1780 479 1854 divino,
501 1783 588 1840 etiam
605 1783 771 1841 reverentiae
784 1790 881 1841 actum

104 1890 219 1945 exercet
238 1899 301 1956 erga
328 1876 429 1937 Jesum
453 1874 624 1935 Christum:
647 1877 737 1934 immo
753 1875 800 1936 hie
815 1876 884 1937 facit

105 1986 204 2040 actum
221 1974 393 2053 positivum,
412 1967 588 2049 quandoille
608 1969 659 2048 qni
680 1970 804 2028 abstinet
817 1969 885 2031 facit

105 2064 309 2133 tantummodo
323 2065 499 2142 negativum.
515 2062 614 2125 Plures
627 2062 726 2123 Sancti
739 2066 789 2143 qui
804 2084 884 2143 mag·

107 2183 179 2226 narn
193 2180 257 2237 erga
271 2159 325 2217 hoc
335 2157 553 2217 Sacramentum
567 2160 755 2219 reverentiam
770 2158 884 2219 habue-

109 2268 200 2331 runt,
221 2273 281 2314 non
305 2252 505 2311 abstinuerunt
523 2271 539 2309 a
560 2250 728 2329 quotidiana
751 2272 884 2311 commu-

109 2356 216 2412 nione:
231 2358 263 2408 ut
275 2352 487 2408 consueverunt
497 2343 529 2403 S.
545 2341 715 2417 ueritates,
732 2344 763 2404 S.
777 2345 887 2406 Cathe-

111 2447 176 2504 rina
187 2441 333 2510 senensis.
341 2438 373 2498 S.
382 2435 694 2512 Theresia‚B.Joanna
704 2435 739 2498 de
748 2437 884 2517 chunni,

112 2548 141 2599 et
152 2537 211 2596 aiii.
227 2536 263 2594 Et
272 2535 462 2594 asserentibus
473 2531 557 2593 hodie
568 2552 625 2594 non
635 2534 758 2615 amplius
767 2539 886 2597 existere

113 2633 168 2693 has
181 2639 292 2691 sanctas
306 2627 475 2702 Theseius,
491 2639 563 2690 recte
574 2633 684 2708 reponit
695 2630 771 2689 idem
784 2631 816 2688 P.
829 2631 886 2687 Ba-

114 2726 257 2786 risonins:
271 2726 458 2783 temeritatem
476 2722 551 2784 hane
564 2743 624 2782 esse
637 2739 795 2800 supponere
808 2718 888 2795 quod

115 2821 314 2883 hodiemanus
323 2821 441 2880 Domini
451 2821 670 2879 sitabbreviata.
682 2817 723 2874 V.
737 2815 769 2872 P.
781 2813 887 2891 Magis-

156 3016 194 3075 (r)
211 3012 243 3062 1).
259 3009 352 3062 Thom.
364 3025 390 3076 p.
402 3007 436 3067 3,
454 3023 478 3072 q·
493 3011 537 3067 80,
552 3018 588 3054 ar.
606 3019 634 3053 ro
644 3038 650 3066 ,
662 3001 692 3052 etl
705 3003 730 3052 ὅ,
