1956 3608
148 201 193 293 '74
375 228 479 268 rrrrxrs
500 227 704 270 conressrnu.

152 338 211 400 prae
225 318 288 378 aliis
305 321 494 388 necessarium
514 327 555 378 est
574 317 586 377 Ξ)
610 319 705 380 Nimis
719 318 844 381 verenda
860 330 926 383 sunt

152 414 240 473 verba
257 413 374 473 Domini
390 410 527 473 adversus
543 412 596 473 hos
611 413 799 490 sacerdotes,
816 418 868 495 qui
881 435 925 477 sa·

151 506 241 567 lolem
264 507 459 585 proximorum
484 527 585 587 pamm
607 518 708 569 curant
726 531 734 567 :
752 507 787 568 Si
809 510 925 571 dicente

151 620 201 660 me
214 600 258 660 od
270 600 420 676 impium,
440 615 537 662 morte
551 603 711 678 moneris,
725 622 793 662 non,
803 623 925 663 annuu-

151 693 272 755 tioveris
295 693 323 754 ei
334 737 341 752 .
353 739 361 755 .
371 738 379 754 .
389 735 417 769 .,
438 695 501 771 ipse
513 694 626 772 impius
640 695 673 761 iu
693 694 856 773 iniquitate
870 716 925 755 suu

152 788 316 867 morietur,
329 788 511 868 sanguinem
526 789 703 862 autemejus
714 788 752 848 de
766 774 926 853 muuu‘tuu
951 815 962 869 ,3

152 881 318 965 requimm.
329 883 442 963 Ezeclr.
457 883 497 956 3,
515 883 561 943 18.
574 879 606 942 Si
617 891 714 942 autern
728 879 868 942 Sacerdos
882 880 928 941 ille

152 991 184 1032 se
196 974 313 1033 exudset
326 970 494 1032 adducendo
507 991 590 1031 snam
604 969 858 1048 insufficientiam,
873 993 927 1033 au-

153 1065 214 1127 diat
229 1065 262 1126 S.
277 1067 461 1126 Franciscum
483 1063 646 1140 Salesium,
666 1069 716 1146 qui
732 1066 833 1128 falsam
848 1075 935 1128 vocat*

151 1158 345 1246 humilitatem
356 1178 454 1219 eorum
469 1157 655 1219 Sacerdotum
667 1161 716 1240 qui
732 1169 858 1220 renuunt
868 1161 930 1220 ani·

153 1272 268 1314 marum
283 1252 369 1316 saluti
386 1253 570 1326 incumbere,
592 1253 646 1312 sub
661 1253 745 1314 titulo
759 1272 817 1313 suae
836 1253 930 1314 imbe-

153 1347 288 1409 cillitatis.
317 1349 374 1407 lsta
397 1349 457 1417 (ait
480 1346 627 1421 Sanctus)
652 1347 793 1408 malitiosa
814 1356 857 1407 est
872 1345 930 1406 hu·

153 1440 279 1516 militas,
296 1450 326 1500 et
341 1443 476 1500 inventus
491 1443 596 1500 amoris
610 1443 734 1522 proprii,
748 1443 797 1521 qui
812 1440 866 1500 sub
878 1438 931 1502 hoc

145 1535 280 1614 specioso
299 1543 435 1614 praetextu
454 1536 596 1613 propriam
613 1536 713 1614 quaerit
732 1544 822 1614 tegere
835 1553 931 1595 socor-

155 1628 247 1691 diam.
273 1627 380 1688 Subdit
402 1627 479 1708 quod
500 1629 598 1702 Deus,
624 1649 690 1689 cum
714 1626 831 1707 aliquod
848 1627 931 1686 nobis

154 1725 295 1787 talentum
310 1721 482 1790 donaverit,
508 1724 583 1798 juste
598 1724 669 1802 petit
685 1743 701 1782 a
716 1723 799 1781 nobis
814 1730 846 1780 ut
862 1719 931 1781 illud

54 1838 57 1843 ’
155 1837 360 1883 exerceamus:
381 1827 554 1897 quapropter
568 1819 617 1895 qui
634 1835 667 1876 eo
682 1819 813 1876 utituret
831 1825 931 1894 paret,

155 1915 204 1975 ille
218 1914 308 1990 magis
321 1911 461 1971 humilem
478 1931 507 1969 se
523 1909 658 1971 ostendit.
679 1911 800 1991 Superbi
813 1909 931 1989 quidem

155 1992 254 2070 curem
268 2006 376 2068 habent
393 2016 425 2066 ut
439 2005 553 2066 nullum
565 2007 730 2086 -suscipiant
747 2022 838 2082 opus,
863 2006 930 2084 quio

154 2103 225 2165 tales
240 2106 272 2163 in
285 2104 383 2181 seipsis
400 2099 503 2159 fidunt.
521 2099 674 2174 Humiles,
689 2108 803 2173 contra,
815 2112 932 2178 magnae

154 2198 228 2256 nimi
243 2203 329 2270 sunt,
344 2194 412 2272 quia
428 2211 484 2250 non
502 2195 628 2271 proprias
643 2189 823 2269 perpendunt
838 2193 931 2266 vires,

156 2288 206 2351 sed
221 2291 251 2348 in
266 2288 330 2348 Deo
344 2284 514 2360 confidunt,
527 2288 573 2347 cui
587 2284 677 2367 placet
690 2286 721 2345 in
736 2294 831 2346 nostra
846 2287 932 2349 infir-

155 2389 257 2449 mitate
283 2402 367 2445 suam
393 2383 632 2464 omnipotentiam
660 2380 795 2443 extollere
817 2400 825 2453 ;
854 2380 932 2446 unde

156 2477 299 2542 concludit
313 2475 391 2558 quod
402 2475 525 2537 humiles
538 2477 635 2537 omnia
650 2473 762 2554 aggredi
777 2486 908 2555 possunt.

197 2575 246 2636 51.
269 2568 424 2646 Secundo,
440 2573 464 2631 si
481 2568 589 2631 accedit
604 2566 642 2630 ad
659 2569 856 2633 confitendum
876 2571 932 2631 ali-

48 2681 50 2685 “
81 2669 84 2673 ’
158 2670 223 2749 quis
234 2665 452 2740 Confessarius,
471 2663 600 2742 decujus
613 2663 767 2727 idoneitate
777 2663 932 2744 prudenter

158 2760 325 2834 dubitatur,
343 2761 550 2837 interrogetur,
572 2777 609 2819 an
629 2757 724 2819 studio
741 2755 931 2823 sufficientem

158 2872 275 2934 operam
289 2849 416 2924 dederit,
432 2859 510 2910 etan
526 2849 638 2910 studere
653 2859 749 2930 perget
761 2851 773 2912 ,Ρ
787 2848 884 2935 Nom,
900 2858 945 2911 ut'

159 2944 310 3019 diximus,
333 2963 420 3005 num.
443 2941 497 3020 18,
508 2943 542 3002 in
550 2941 637 3021 fine,
656 2939 694 3002 ad
708 2943 782 3013 bene
794 2960 933 3005 exercen-

159 3035 230 3095 dum
246 3033 372 3096 officium
387 3032 546 3114 excipiendi
558 3033 770 3109 confessiones,
790 3053 849 3093 non
864 3037 933 3097 satis

157 3127 369 3210 estaliquando
382 3127 534 3193 studru'sse.
555 3130 628 3190 Item
639 3171 650 3207 ,
663 3147 702 3190 an
716 3125 872 3193 absolverit
883 3148 932 3191 eos
