1956 3608
280 201 695 275 §.m.vrn1rrror1vr,ete.
814 199 873 278 275

97 314 155 374 mei
184 310 318 391 dignatus
335 333 365 374 es
383 317 465 375 mori.
496 317 545 375 Ito
567 311 688 373 dicebat
711 306 746 368 S.
768 307 874 370 Fron·

98 408 208 468 circus.
785 397 789 403 ”

139 498 198 559 Cor
217 502 370 560 contritum
395 507 424 559 ei
448 496 657 572 humiliatum,
689 495 791 573 Dens,
815 514 874 557 non

98 587 244 670 despicies.
674 603 679 607 ·

139 686 174 744 ln
194 695 243 759 te,
268 685 415 760 Domine,
442 686 555 766 speravi
571 726 582 761 ,
599 703 659 744 non
669 682 828 746 confundar
841 685 873 745 in

100 774 252 827 eternum.
572 790 575 795 ·

105 917 108 920 ,
137 857 267 936 Diligam
282 867 331 934 te,
356 857 502 939 Domine,
524 854 662 919 fortitudo
678 874 754 931 mer.

139 953 191 1013 Eia
206 955 332 1028 moriar,
355 952 501 1027 Domine,
514 960 550 1015 ut
563 961 592 1012 te
606 950 732 1029 videorn.

138 1045 221 1124 Quid
243 1045 313 1107 mihi
338 1056 382 1107 est
407 1049 439 1107 in
459 1046 531 1109 coeio
545 1046 559 1106 ,Ρ
575 1055 604 1107 et
622 1067 637 1107 a
656 1054 684 1105 te
705 1041 777 1127 qnid
794 1039 874 1105 volui

90 1140 184 1221 'super
198 1142 322 1203 terram?
338 1142 420 1203 Deus
430 1140 523 1203 cordis
536 1143 613 1216 mei,
632 1150 661 1201 et
675 1159 739 1218 pars
758 1156 822 1200 mea
841 1139 873 1201 in

99 1245 252 1296 eternum.

140 1329 285 1387 Dominus
299 1326 471 1393 itluminario
484 1346 547 1389 mea
562 1337 591 1389 et
600 1325 677 1388 salus
688 1345 769 1404 mea,
783 1344 872 1406 quem

99 1419 231 1481 timebo?
868 1466 873 1477 .

138 1513 238 1588 Pater,
253 1517 387 1594 peccavi3
408 1495 469 1579 non‘
488 1534 553 1574 sum
571 1514 674 1593 dignus
688 1515 784 1579 vocari
797 1511 875 1576 filins

100 1618 178 1670 tuus.
242 1634 244 1639 ⁴
276 1598 286 1609 ’

138 1704 245 1765 Averte
257 1703 360 1766 faciem
372 1713 452 1764 tuam
465 1722 481 1763 o
497 1703 617 1782 peccatis
630 1703 714 1762 meis.

139 1800 224 1861 Tuos
238 1819 300 1859 sum
316 1820 389 1878 ego,
403 1797 517 1861 salvum
532 1817 579 1859 me
593 1795 648 1859 fac.

141 1891 267 1970 Quando
275 1896 410 1967 reniam,
424 1903 453 1953 et
463 1893 606 1971 apparebo
615 1900 682 1951 ante
692 1888 793 1951 faciem
804 1889 874 1957 Dei!

142 1988 216 2063 Quis
230 2006 283 2051 nos
293 1988 435 2066 separabit
445 2006 461 2045 a
472 1987 608 2053 charitate
622 1983 752 2045 Christi?

142 2082 278 2143 Amorem
290 2081 433 2145 tuisoium
444 2084 609 2160 cumgratia
621 2091 670 2152 ton⁴
681 2070 752 2141 mihi
767 2079 876 2155 donn,

99 2187 129 2238 et
142 2174 223 2236 dives
234 2197 297 2237 sum
312 2179 392 2238 satis.
410 2180 444 2240 S.
458 2178 594 2258 ignotius
609 2176 744 2254 Loyolo.

142 2272 272 2333 Diieotrrs
286 2291 366 2331 meus
384 2273 473 2346 mihi,
498 2283 526 2333 et
540 2292 591 2350 ego
604 2270 656 2331 ilii.
901 2320 904 2325 .

143 2364 354 2440 Misericordiae
368 2366 487 2425 Domini
502 2369 531 2425 in
544 2377 682 2427 arternum
695 2365 828 2439 canabo.

141 2461 247 2527 Sancta
267 2462 377 2539 Maria,
391 2470 482 2527 mater
495 2459 571 2537 Dei,
587 2478 635 2520 ora
648 2479 698 2541 pro
711 2459 795 2527 nobis
807 2476 878 2543 poe·-

95 2558 267 2630 erroribus,
285 2566 340 2619 eir.
573 2559 575 2563 ’

144 2643 403 2727 vira,'nutced0‚
419 2649 492 2730 spes
505 2659 622 2728 nostra,
636 2649 728 2716 satvr.

145 2742 303 2821 Refuginm
314 2752 509 2824 moratorum,
524 2765 572 2805 ora
585 2765 636 2824 pro
647 2746 742 2813 nobis.

90 2892 95 2913 ,
145 2839 237 2899 Maria
249 2880 259 2912 ,
273 2848 363 2900 rnater
378 2839 492 2916 gratim,
511 2847 602 2898 mater
617 2834 875 2912 misericorditem

104 2951 158 2996 nos
173 2933 210 2992 ab
223 2931 303 2992 hoste
317 2943 452 3012 protege⁷
463 2941 492 2991 et
502 2931 571 2991 hora
581 2928 681 2993 mortis
694 2932 816 3011 suscipe.

145 3027 174 3089 0
189 3025 277 3091 snus
292 3035 320 3088 te
333 3025 532 3094 invocantium
548 3026 605 3090 iS.
617 3027 735 3089 Borrae.

688 3178 856 3286 ns‘
