1956 3608
71 39 232 113 W.

128 254 131 259 -
206 219 234 292 §.
245 236 278 278 11.
295 234 499 280 uaonnmorru
515 240 707 299 connexam,
723 237 779 287 etc.
824 246 875 306 rqr

102 324 222 402 propria
235 325 420 401 abjectionis,
444 335 493 388 aut
507 327 630 407 quodvis
646 328 805 411 aliudopos
819 318 879 413 api·
905 336 908 343 '

101 414 221 485 rituale;
239 416 378 496 relinquet
389 416 553 479 facilitatem
563 419 719 499 quamdam
732 421 769 482 ad
779 424 877 481 omnia

101 507 270 584 toleranda,
288 508 325 569 ad
343 509 541 590 operandum,
565 522 593 571 et
607 532 636 572 se
648 514 875 591 humiliandum.

99 601 317 665 substantiatis
335 614 378 664 est
397 603 498 665 eadem
519 625 552 665 ae
568 605 712 680 formalis,
732 621 760 668 et
780 610 873 670 solum

86 692 196 755 niffen
205 698 235 755 in
247 694 349 758 effectu
366 717 375 769 ς
388 701 526 777 quoniam
537 698 666 759 formalis
681 711 731 760 aut
744 704 878 777 instruit,

101 796 153 847 aut
167 789 290 868 imponit
303 812 323 862 ,·
338 791 534 850 substantialis
546 810 615 850 vero
633 793 688 850 cito
704 800 836 872 operatur
849 795 879 853 id

99 878 179 959 quod
196 884 331 960 exprimit
345 901 354 950 ;
369 891 402 940 nt
414 901 461 941 ex.
475 903 501 942 c.
514 883 538 942 si
553 881 657 945 diceret
673 905 680 940 ε
697 885 876 945 Consolarer.

98 972 178 1034 Noli
192 973 309 1039 timere.
324 974 424 1054 Dilige
442 996 490 1035 me
505 999 512 1034 r
529 978 625 1036 anima
647 985 714 1036 tunc
730 976 759 1035 iu
778 975 878 1037 eodem

99 1068 238 1146 temporis
258 1076 364 1146 puncto
386 1078 514 1129 remanet
538 1069 731 1131 consolatione
751 1069 876 1150 repleta,

98 1157 241 1240 intrepida
256 1203 266 1234 ,
279 1170 328 1221 aut
339 1164 443 1221 amoris
454 1166 518 1238 igue
529 1183 675 1225 succensa.
694 1163 761 1222 Haeo
777 1163 880 1223 locutio

99 1252 212 1312 caeteris
237 1253 371 1310 omuibus
392 1261 435 1311 est
460 1256 582 1312 securior
599 1273 607 1321 ;
631 1254 722 1331 prima
741 1256 817 1312 enim
837 1262 880 1313 est

98 1342 187 1406 valde
201 1345 325 1404 ineerta:
341 1343 488 1419 secunda,
502 1344 531 1403 id
541 1355 584 1406 est
593 1345 741 1420 formalis,
756 1356 798 1406 est
808 1347 880 1406 mol·

98 1448 163 1498 tum
179 1446 327 1517 suspecta,
344 1441 499 1519 praesertim
514 1438 631 1520 quando
647 1442 727 1517 jobet
741 1460 784 1499 reo
797 1461 879 1503 exse-

98 1529 240 1613 quendas.
253 1531 341 1591 Unde
350 1533 524 1609 Director,si
532 1537 877 1615 observateaquarjuben-

98 1636 146 1687 tur
159 1646 221 1686 esse
231 1626 394 1687 christiana
407 1626 565 1708 prudentiae
579 1630 706 1706 opposita
719 1669 730 1701 ,
748 1628 832 1689 debet
845 1650 878 1691 ea

98 1718 879 1800 omninoprohibere3siverouousiutprudeutiaecou·

98 1813 879 1895 traria,expeditnteammsuspendatexsecutionem,

98 1926 251 1988 quousque
268 1905 403 1967 deveniat
418 1910 448 1965 iu
464 1906 603 1984 majorem
623 1911 825 1986 securitatem,
851 1920 880 1975 et

98 2000 193 2065 mutto
209 2002 299 2078 magis
312 2003 336 2060 si
350 2019 394 2060 res
410 2002 467 2059 sint
477 1999 717 2061 extraordinaria.
952 2002 955 2009 '

145 2093 214 2165 142.
233 2090 389 2172 Denique,
413 2091 490 2172 quod
504 2095 605 2154 attinet
623 2091 661 2152 ad
678 2095 873 2153 revelationes
952 2144 959 2149 .

98 2203 194 2252 terum
215 2185 414 2260 occultarum,
441 2187 690 2261 antiomenon,
718 2197 749 2247 ut
767 2187 870 2250 scilicet

97 2281 302 2362 mysteriorum
313 2279 872 2363 fidei,statusconseieutiarom,prades-

100 2376 250 2436 linatiouis
273 2375 459 2447 animarum,
489 2378 609 2446 mortis,
635 2379 820 2455 promotionis
838 2376 874 2435 ad

99 2468 231 2548 aliquam
250 2465 417 2542 dignitatern
433 2508 442 2540 ,
459 2477 487 2526 et
502 2465 548 2526 his
562 2465 663 2527 similia
678 2488 684 2536 ;
702 2468 746 2526 hae
759 2480 877 2547 possunt

95 2563 248 2644 'tripliciter
261 2561 379 2635 haberi,
397 2580 501 2642 nempe
516 2580 565 2641 per
579 2562 723 2637 visiones,
741 2582 790 2643 per
801 2562 879 2624 locu·

99 2646 212 2730 tiones,
231 2665 260 2714 et
279 2674 328 2734 per
342 2655 541 2733 intelligentias
556 2655 699 2719 nudarum
713 2660 877 2719 veritatum.

99 2749 138 2811 ln
151 2746 319 2826 huiusmodi
338 2747 557 2809 revelationibus
572 2748 655 2810 debet
669 2751 798 2812 Direotor
812 2772 878 2811 ma-

100 2863 189 2922 gnam
205 2841 340 2902 adhibere
354 2840 558 2923 prudentiam,
575 2861 627 2904 uec
642 2845 678 2902 sit
691 2845 777 2903 nimio
789 2842 878 2901 facilis

101 2932 140 2997 ad
158 2931 352 3006 credendum,
377 2942 405 2992 et
422 2936 563 3012 praecipue
579 2932 617 2994 ad
635 2928 850 3011 exsequendum
868 2975 879 3011 ,

99 3025 221 3110 quando
230 3029 323 3102 agitur
332 3024 368 3083 de
378 3023 553 3085 certiorando
563 3024 688 3102 aliquem
699 3024 735 3083 ob
743 3027 873 3085 notitiam

101 3125 135 3185 in
146 3119 318 3186 revelatione
328 3126 482 3202 acceptam,
503 3117 684 3181 Auieomnia
699 3117 873 3196 jobeotaui-
