1956 3608
228 201 256 272 §.
266 217 288 257 ι.
302 210 424 261 mourut
434 211 475 257 nn
487 207 716 257 confessuros.
797 214 854 274 aar

127 317 195 378 182.
216 313 272 374 tx.
294 314 422 394 Deneget
436 332 552 395 quoque
571 311 779 374 absolutionem
802 309 859 372 illis

81 407 134 487 qui
146 406 246 467 volunt
255 405 427 487 adaliquem
437 403 576 466 Ordinem
584 425 696 468 sacmm
707 401 862 466 ascendere

80 498 154 559 dum
176 497 271 560 adhuc
294 507 363 559 sunt
385 496 482 577 aliquo
496 498 598 557 vitioso
617 496 717 558 habitu
737 496 862 568 irretiti,

81 595 138 653 nisi
159 592 262 654 viderit
281 592 348 654 illos
370 589 489 671 adeptos
506 609 568 650 esse
588 591 744 651 bonitatem
759 590 861 670 positi-

81 708 151 749 vam
162 687 199 749 ad
209 687 287 751 buno
298 686 418 767 gradum
430 687 640 759 necessariam,
653 691 686 743 ut
696 680 805 743 dictum
815 691 860 743 est

81 805 169 844 num.
187 802 235 862 70·
585 856 587 859 ¹

122 877 164 939 X.
180 878 293 938 Cenem
308 880 417 954 etism,
436 885 465 939 et
476 874 626 954 diligenter
637 882 739 936 caveat
749 871 859 936 dissua-

81 971 149 1032 dere
168 970 293 1051 aliquem
313 970 521 1033 adolescentem
536 990 553 1032 a
569 970 717 1051 vom-tione
732 967 858 1048 religiosa

81 1075 196 1148 propter
208 1065 353 1126 humanos
370 1074 536 1146 respectus3
560 1054 641 1146 quod
656 1065 783 1126 excusari
798 1082 858 1126 nou

81 1169 175 1243 potest
193 1181 210 1220 a
232 1170 351 1240 peocato
361 1160 494 1234 mortali,
516 1169 550 1218 st
564 1158 645 1218 docet
657 1159 690 1218 R
704 1158 860 1232 Thomas,

81 1253 227 1333 Quodlib.
239 1256 275 1325 3,
286 1265 346 1311 ort.
360 1254 404 1324 ¹4·
419 1249 467 1309 Ob
480 1250 487 1309 !
502 1258 572 1329 quot
584 1247 755 1311 Confessarii
767 1251 859 1330 impe·

81 1346 125 1404 riti
137 1345 202 1402 sine
210 1341 270 1403 ullo
281 1343 411 1424 scmpulo
425 1340 596 1403 abstrabunt
609 1344 729 1419 juvenes
741 1363 759 1402 a
773 1364 858 1405 uoca-

81 1442 159 1498 tione
171 1435 209 1496 ad
225 1447 331 1499 statum
347 1440 436 1517 magis
450 1436 605 1519 perfectum
619 1479 629 1513 ‚
645 1435 732 1498 nulla⁴
744 1436 801 1499 alia
815 1458 859 1499 m·

81 1535 159 1592 tione
168 1530 245 1593 ducti
256 1575 266 1605 ‚
281 1552 370 1611 quam
382 1542 414 1592 ut
424 1532 662 1611 placecnteorum
674 1535 859 1613 propinquis,
936 1598 942 1612 ,

81 1624 232 1688 asserendo
242 1625 318 1686 lilios
328 1626 418 1686 teneri
432 1634 564 1704 prestare
577 1623 769 1686 obedientiam
780 1630 859 1704 geni·

81 1722 189 1782 toribus
205 1721 212 1779 l
229 1721 342 1782 Dooent
356 1721 547 1780 cummuniter
567 1717 716 1794 doctores,
742 1720 856 1781 cums.

81 1815 218 1889 Thoma‚
237 1817 268 1875 iu
284 1814 421 1876 electione
442 1824 533 1875 status
549 1832 789 1894 unumquemque
800 1815 859 1876 -inri

81 1932 130 1972 sua
146 1910 276 1970 libertate
294 1931 302 1981 ;
324 1920 353 1971 et
369 1911 460 1987 magis
480 1930 569 1990 quarn
584 1911 759 1986 genitoribus
773 1929 860 1992 pras·

81 2005 668 2077 landamesseobedtentiamtteovoraart.
678 2006 859 2084 licontrario,

81 2103 213 2165 advertat
224 2102 424 2164 confessarius
435 2101 514 2184 quod
530 2104 590 2183 ipse
599 2096 703 2182 nequit
713 2101 864 2165 absolvere-

80 2195 222 2280 quosdam
243 2197 339 2272 alios,
365 2201 417 2277 qui
438 2199 501 2258 sino
518 2200 668 2259 vocatione
692 2196 799 2259 vellent
820 2197 858 2260 ad

81 2292 207 2354 Ordines
225 2312 321 2352 sacros
337 2291 504 2352 ascenderet
526 2293 604 2354 Vide
622 2293 727 2356 libmm
741 2296 794 2356 tiu.
816 2297 862 2372 6,

81 2410 170 2450 num.
184 2389 254 2450 803.

128 2484 194 2546 185.
216 2482 272 2543 Xl.
292 2482 328 2541 ln
349 2479 524 2562 excipiendis
541 2480 719 2544 sacerdotum
735 2482 862 2545 Confes-

83 2580 213 2641 sionibus
233 2586 395 2638 reverenter
408 2596 438 2637 se
452 2586 549 2655 gerat3
564 2574 614 2638 sed
632 2589 709 2657 gerat
725 2582 861 2646 scellam

82 2673 193 2734 fortiter
207 2675 238 2732 in
252 2670 389 2733 iaciendis
404 2670 507 2733 debitis
520 2675 760 2748 correctionibus,
785 2683 815 2735 et
827 2678 859 2736 in

83 2765 251 2844 deneganda
265 2764 462 2841 absolutione,
481 2769 599 2847 quoties.
612 2779 730 2848 oportet.
748 2769 785 2827 Et
799 2768 859 2828 Sa-

83 2860 212 2924 oerdoles
220 2881 321 2939 pamm
336 2861 508 2924 meticulose
520 2865 698 2924 conscientie
709 2882 767 2921 non
778 2863 861 2923 omit-

84 2967 127 3019 tat
141 2958 311 3032 interrogare
321 2959 460 3035 precipue
473 2959 544 3016 circa
555 2955 616 3014 hec
630 2958 681 3015 triu
695 2957 712 3014 ε’
723 2977 748 3015 r.
761 2964 859 3018 utrum

85 3047 227 3108 distulerit
243 3045 460 3108 celebrationem
480 3049 632 3107 missarum
647 3066 859 3129 permutem,

85 3146 108 3203 si
128 3144 233 3204 fuerint
252 3143 345 3203 missae
366 3151 565 3216 mortuorum3
588 3151 619 3204 et
641 3146 692 3225 per
708 3140 820 3225 '‘durus-⁴
843 3147 874 3201 ἐκ

680 3238 765 3301 ts
