1956 3608
97 192 159 276 254
316 207 426 253 naurs
443 207 648 252 consessuri.

97 311 131 365 nt
144 297 317 378 Magdatena
330 299 462 381 amplexa
477 300 551 373 fnit3
567 301 655 362 ficut
668 297 786 362 audiam
801 299 875 362 mihi-

100 394 275 475 pepercisse,
296 401 328 452 nt
339 393 387 454 itta
402 391 525 453 audivit.

140 487 220 547 Dens
231 504 311 547 meos
321 528 332 562 ,
343 487 413 547 mihi
425 473 538 568 propter
549 505 675 548 amorem
686 485 755 548 Jesu
768 485 872 547 Christi

33 606 37 613 ⁴
102 601 200 662 parce,
217 591 245 640 et
256 579 302 642 iac
316 591 347 642 ut
359 582 432 642 bene
446 583 560 641 moriar.

58 687 63 696 ‘
141 675 227 737 Pater
236 686 361 752 eterne,
376 686 405 739 tu
417 675 488 738 mihi
500 676 608 737 Filium
618 683 702 736 tunm
719 673 875 751 tradidisti,

101 787 150 831 me
162 771 275 846 egotibi
291 767 382 830 trado.
517 832 525 845 ‚

144 860 213 923 Jesu
227 865 288 938 mi,
307 863 433 923 multum
451 862 501 923 tibi
517 863 644 940 ingratus
657 859 722 934 fui,
747 861 876 923 miserere

105 959 173 1020 mei.
188 954 335 1019 Multoties
347 957 493 1019 infernum
506 958 598 1017 merui
612 977 620 1028 ;
636 974 695 1017 nnn
707 956 738 1013 in
749 952 822 1030 alia,
831 951 877 1024 sed

105 1050 136 1111 in
152 1048 206 1111 hec
219 1051 280 1115 vita
294 1070 343 1111 me
355 1053 436 1131 puni.

147 1145 179 1206 Si
190 1164 237 1207 rue
248 1144 404 1225 fugientem
418 1146 594 1227 quaesivisti,
606 1163 655 1207 rue
665 1154 693 1205 te
706 1154 878 1225 querentem

108 1259 145 1301 ne
158 1239 349 1320 derelinquas.

148 1331 217 1394 Jcsu
228 1329 411 1407 duicissime,
425 1351 463 1393 ne
473 1334 619 1413 permittas
630 1351 677 1392 me
687 1334 836 1412 separaria
847 1341 879 1392 te.

150 1428 226 1505 Quis
240 1446 287 1486 me
299 1428 442 1505 separabit
455 1449 472 1486 a
487 1425 623 1486 charitate
637 1425 743 1486 Christi
757 1427 770 1487 Ρ

148 1521 276 1581 Domine
297 1519 366 1581 Jesu
391 1520 525 1596 Christe,
545 1540 594 1601 per
612 1520 689 1581 iliam
712 1520 881 1582 amaritudi-

110 1631 200 1688 nem,
223 1632 312 1692 quam
334 1614 470 1672 sustinuit
494 1613 670 1672 nobilissima
694 1616 792 1673 anima
816 1623 884 1700 tua,

106 1705 229 1787 quando
237 1727 347 1785 egressa
362 1717 405 1768 est
417 1706 452 1766 de
464 1706 612 1768 benedicto
622 1727 736 1787 corpore
750 1718 819 1783 tuo,
834 1711 883 1769 mi·

112 1821 201 1862 serere
223 1804 327 1863 animae
349 1822 420 1863 meae
439 1804 585 1881 peccatrici
599 1804 629 1862 in
646 1821 759 1880 egressu
773 1801 810 1863 dc
822 1823 884 1864 cor·

112 1917 180 1979 pore
197 1917 271 1958 mco.
290 1895 396 1957 Amen.

152 1989 220 2050 Jesu
236 1991 299 2064 mi,
323 1998 354 2049 tu
370 1997 481 2070 propter
491 2008 621 2051 amorem
638 2009 736 2050 meum
759 2001 885 2055 mortuus

111 2101 163 2160 es,
187 2102 237 2160 ego
250 2091 362 2162 propter
376 2101 501 2142 umorem
516 2091 599 2141 tuum
614 2084 686 2143 mori
701 2083 779 2143 volo.

156 2177 225 2238 263.
246 2175 317 2236 vlt.
338 2170 473 2246 Affectus
488 2175 541 2251 qui
557 2177 678 2255 suggeri
696 2191 825 2255 possunt
836 2198 886 2240 su·

112 2271 289 2334 cordacitus
304 2283 337 2332 et·
351 2269 499 2346 religiosis
514 2269 661 2347 infirmis.

154 2364 190 2426 ln
204 2383 273 2445 pace
285 2366 316 2424 in
325 2362 450 2445 idipsum
467 2362 628 2440 dormiam,
644 2373 672 2424 et
684 2368 869 2445 requiescam.

156 2459 238 2520 Deus
247 2450 333 2521 mens
345 2469 374 2519 et
386 2460 492 2520 omnia.
509 2460 536 2520 0
548 2478 594 2520 me
604 2461 721 2520 beatum
733 2502 748 2536 ,-
756 2463 782 2520 si
793 2464 888 2522 omnia

115 2557 300 2629 amittam,ut
309 2556 455 2634 acquiram
466 2563 492 2612 te
502 2573 599 2613 meum
608 2572 755 2613 sommum
764 2556 887 2617 bonomi

157 2647 192 2705 ln
201 2665 307 2709 manus
317 2656 400 2721 tuas,
413 2647 561 2725 Domine,
578 2646 750 2733 commendo
757 2653 891 2731 spiritum

116 2760 225 2806 meum.

65 2903 71 2914 ,
158 2836 203 2901 Ne
215 2837 346 2918 projicias
361 2854 409 2896 me
422 2856 438 2896 a
451 2834 523 2897 facie
538 2844 597 2896 tua.

159 2930 229 2991 iesu
248 2928 437 3007 dulcissime,
462 2949 500 2991 ne
523 2930 671 3010 permittas
698 2950 745 2991 me
767 2934 894 3013 separari

121 3034 190 3086 ate.

154 3119 266 3187 Amore
280 3122 386 3188 amoris
401 3122 446 3186 tui
458 3121 586 3203 moriar,
605 3121 656 3202 qui
678 3139 775 3185 amore
788 3125 896 3208 amor‘y
