1956 3608
161 209 217 273 138
376 220 480 267 rums
500 186 705 266 cdstrnssnn.

196 313 248 392 98.
268 310 300 370 Si
320 308 351 371 5.
375 312 441 389 quis
464 308 645 389 scrupulosus
665 316 753 389 pavet
766 310 918 388 peseareiu

158 405 236 465 omui
252 420 381 481 requam
397 403 475 479 agit,
491 401 558 461 huic
571 403 715 482 praupiat
730 401 920 463 confessarius

157 504 188 554 ut
202 494 287 554 iibere
299 501 449 573 operetur,
469 503 497 554 et
514 492 679 574 scrupulum
691 502 808 573 superet
822 511 833 562 3
851 494 922 572 eique
966 520 968 531 ·

157 583 254 659 dicat,
278 586 338 644 imo
351 585 446 664 ipsum
463 586 550 644 teneri
568 582 605 644 ad
625 582 792 664 scrupulum
813 587 923 645 vincen-
966 608 968 613 ·

157 674 248 753 dum,
263 694 375 755 semper
385 696 418 736 ac
432 674 578 736 evidenter
589 694 647 733 non
659 673 924 737 advertitactioueu

158 768 237 830 iiiam
251 789 313 830 esse
326 778 435 831 certum
447 778 593 850 peceatum
606 789 614 839 ;
625 770 665 829 ita
676 788 743 829 oum
756 771 797 829 Ρ.
808 765 924 848 Segneri

157 864 228 926 DD.
250 865 352 928 docent
370 866 429 942 (r).
458 866 519 926 Nec
536 866 616 925 obest
630 862 708 944 quod
725 873 792 942 agat
805 885 870 926 curu
886 885 926 926 au

158 958 228 1019 tuaii
252 960 375 1031 timore,
398 960 469 1036 quin
493 957 660 1036 scrupulum
680 954 810 1035 deponat
832 953 926 1036 (quod

155 1060 198 1110 est
207 1055 290 1128 quasi
302 1049 477 1130 impossibile
490 1070 507 1108 a
522 1049 694 1128 scrupulosis
706 1052 860 1127 exigere);
877 1060 927 1110 ete-

156 1143 216 1201 nim
231 1138 398 1219 hujusmodi
413 1161 502 1221 pavor
515 1161 574 1200 non
585 1150 628 1200 est
640 1161 743 1200 verum
752 1144 927 1203 couscientia

157 1233 322 1311 dictamen,
345 1237 407 1295 sive
425 1234 546 1295 formata
558 1237 729 1296 conscientia
744 1279 753 1310 ‚
769 1245 805 1296 ut
819 1237 928 1297 Gerson

157 1330 230 1388 bene
249 1328 397 1405 distinguit
423 1335 489 1404 (a),
514 1347 567 1388 nec
588 1348 688 1388 verum
706 1329 830 1389 dubium
853 1332 949 1410 prac-'

159 1425 245 1483 ticum
271 1442 279 1490 ;
309 1442 362 1482 nec
390 1421 482 1480 aufert
506 1420 645 1496 judicium
669 1432 753 1483 antea
778 1423 929 1483 formarum

157 1513 254 1594 (quud
277 1514 436 1575 virtualiter
448 1525 630 1594 perseverat,
654 1516 718 1576 iicet
736 1527 811 1577 tunc
823 1520 863 1577 ob
877 1523 931 1578 itu·

156 1619 253 1690 petum
270 1611 379 1669 timoris
392 1628 450 1669 nou
465 1608 651 1682 advertatur)
668 1653 678 1684 ‚
697 1613 840 1672 nimirum
858 1610 930 1693 quod

158 1705 218 1784 ipse
235 1722 292 1763 non
310 1713 431 1784 peccat,
455 1702 598 1783 quidquid
610 1702 741 1780 agendo,
758 1706 789 1764 in
805 1726 932 1785 quo-cer-

160 1807 220 1859 tum
248 1807 395 1877 peccatum
419 1817 479 1856 uon
505 1799 655 1874 agnoseit3
678 1808 747 1859 tune
772 1803 852 1859 enisu
877 1820 930 1861 riou

158 1890 255 1949 dontra
278 1891 502 1960 conscientiam,
530 1888 580 1948 sed
596 1900 693 1950 contra
719 1910 829 1950 vanum
852 1892 930 1951 ilium

160 1985 288 2041 timorem
304 1991 436 2061 operatur
450 1986 507 2054 (5).
527 1984 660 2043 Firmiter
679 1986 763 2061 igitur
778 1985 931 2045 Confessa-

159 2079 216 2136 rius
230 2073 396 2152 hujusmodi
412 2077 562 2136 Poenitenti
579 2087 746 2156 praeoptet,
767 2088 800 2138 ut
814 2098 931 2160 scrupu*

160 2171 220 2230 ium
236 2173 333 2230 vincat
351 2180 379 2229 et
399 2167 555 2247 despiciat,
582 2169 668 2229 libere
684 2171 794 2249 sugendo
809 2173 839 2232 id
855 2171 929 2254 quod

158 2262 306 2341 scrupulus
323 2264 347 2321 ei
364 2271 441 2322 vetat
458 2283 466 2331 ;
487 2272 515 2322 et
538 2265 654 2344 insuper
672 2267 830 2344 injungat,
856 2265 929 2348 quod

159 2353 340 2435 postmodum
365 2353 401 2415 de
420 2355 467 2416 iiio
488 2377 640 2438 nunquam
663 2379 714 2420 nec
729 2363 850 2422 omnino
867 2380 929 2423 con·

159 2448 282 2509 fiteatur.

193 2636 229 2694 (1)
249 2633 304 2683 Lib.
320 2652 347 2696 r,
365 2649 393 2686 u.
408 2637 454 2694 86.
472 2636 540 2688 etP.
551 2635 674 2703 Segnrri,
692 2654 750 2707 cap.
762 2639 813 2694 ult.

193 2716 230 2777 (a)
248 2713 326 2765 Dicto
339 2729 412 2766 uum.
426 2720 467 2768 86.
571 2717 610 2782 td)
631 2717 697 2771 ibid.
710 2736 776 2776 verr.
790 2724 859 2777 Hinc
868 2723 927 2777 dno.
