1956 3608
106 234 141 275 12
319 222 422 271 rrtAth
443 220 647 272 comsstrrr.

102 320 219 382 tuiasne
234 339 253 379 a
268 318 333 379 Deo
352 320 469 381 veniam
489 319 525 378 dc
539 317 683 378 omnibus
699 315 749 376 his
768 312 879 395 <qood

102 431 198 473 revera
216 422 330 472 nonest
346 433 427 472 verus
440 423 520 473 actus
534 410 662 483 doloris)
679 410 691 470 i
709 413 753 471 Te
769 409 879 488 ρωπί-

102 514 142 567 tet
159 527 202 566 ex
220 510 311 567 corde
333 507 471 568 omnium
493 519 690 584 pcccatorum
709 503 718 561 l
736 504 772 563 Et
791 502 879 564 nullo
909 500 912 505 ’
976 564 978 581 ⁴

102 599 158 662 alio
183 603 270 660 verbo
292 603 476 680 interposito,
505 599 712 660 absolutionem
733 599 774 657 eis
797 597 878 660 etar-

101 696 226 772 giuntur.
249 697 357 756 Totum
374 697 411 755 ab
425 695 477 755 hoc
491 693 570 754 atiud
585 702 627 753 est
638 693 779 753 bonorum
792 692 877 753 Corr-
911 698 914 703 '

99 785 278 846 ferrariorum
292 789 454 846 institutum
469 808 476 857 ;
491 786 608 846 trierim
620 788 648 845 in
661 788 759 865 primis
773 784 876 848 elabo-

99 891 183 959 rant,
197 891 228 941 ut
243 882 414 942 Poerritentes
429 887 543 951 (sermo
557 890 600 941 est
613 878 648 939 de
662 882 696 939 iis
711 882 761 960 qoi
775 879 877 943 ietha—
905 886 910 891 '

101 974 176 1035 libus
193 985 345 1046 terrentur)
359 995 460 1033 verum
475 973 598 1034 dolorem
612 984 639 1032 et
654 971 876 1038 detestationem
904 980 909 985 '

46 1095 50 1105 ¹
100 1077 278 1147 peccatorum
295 1070 454 1146 concipiant
477 1088 484 1137 ;
513 1078 541 1127 et
564 1070 640 1146 prius
654 1086 704 1147 per
717 1071 876 1133 attritionis
947 1106 953 1119 ·

101 1170 194 1221 actum
214 1181 260 1222 eos
277 1171 452 1242 praeparant,
466 1182 497 1222 v.
511 1180 568 1238 gc:
583 1163 641 1220 Fili
652 1162 713 1235 mi,
729 1163 778 1221 ubi
791 1182 876 1227 nunc

101 1274 162 1314 esse
176 1253 290 1315 deberes
303 1259 333 1314 irr
348 1268 494 1325 oeternum
512 1255 522 1311 i
536 1256 572 1313 ln
586 1255 705 1331 inferno
720 1257 731 1317 i
750 1257 876 1321 Attin

101 1346 156 1408 itto
175 1349 242 1427 igno
261 1370 378 1425 semper·
399 1349 584 1410 cruciandos
605 1369 710 1424 esses,
734 1367 792 1410 nec
815 1351 876 1413 tibi

102 1442 168 1502 ullo
185 1463 251 1519 spes
266 1443 399 1519 amplius
413 1455 553 1518 restaret,
573 1456 606 1502 ut
619 1456 646 1503 tc
658 1442 740 1503 ittinc
754 1443 876 1522 eripero

99 1554 213 1614 posses.
228 1534 275 1594 tbi
285 1555 363 1596 esses
382 1550 556 1596 moraturus
568 1537 607 1595 ab
622 1536 762 1597 omnibus
777 1539 876 1599 dere-
902 1536 905 1541 ’

102 1628 211 1704 lictus,
227 1648 247 1688 a
266 1632 328 1690 Deo
337 1632 465 1702 reiectos
477 1650 533 1707 per
547 1642 643 1689 totam
658 1629 873 1694 oetemithtem.

100 1723 198 1802 igitur
214 1737 242 1782 te
260 1723 406 1798 poeniteat
429 1725 526 1782 Deum
544 1721 729 1801 offendisse,
758 1733 877 1803 propter

100 1814 255 1888 infernum
266 1833 356 1888 quem
371 1814 516 1872 meruisti.
534 1809 751 1873 Advertenrtum
766 1813 814 1875 hic
828 1825 876 1879 est

101 1926 160 1967 non
176 1906 235 1966 fieri
256 1916 350 1967 actum
372 1908 545 1982 attritionis,
570 1910 593 1966 si
612 1910 677 1987 quis
694 1907 819 1984 dicerer,
841 1930 876 1972 oe

99 2004 237 2084 poenitere
248 2003 350 2080 peccati
360 2004 588 2080 commissi‚quia
599 2004 702 2062 meruit
711 2002 873 2081 infernum,

102 2093 151 2157 sed
165 2115 235 2175 opus
249 2093 353 2164 habet,
374 2103 405 2150 ut
423 2091 498 2153 dicat
519 2112 548 2150 se
567 2095 702 2172 poenitere
718 2093 876 2161 offendisse
901 2096 904 2123 ³

102 2190 220 2259 Deum,
243 2184 448 2264 propterquod
469 2188 573 2246 meruit
594 2186 750 2248 infernum.
768 2189 873 2252 Postea

102 2291 199 2354 curet,
218 2289 250 2338 ut
264 2276 402 2340 efficiatur
414 2289 493 2340 actus
507 2282 681 2341 contritionis
695 2281 748 2343 hoc
763 2283 873 2347 modo:

102 2375 229 2449 Ftttmi,
251 2373 326 2452 quid
340 2374 425 2448 egisti
439 2372 452 2430 i
466 2374 600 2449 peccasti
614 2375 647 2432 in
667 2379 765 2435 Deum
783 2397 879 2441 sum-.

103 2491 189 2528 mom
199 2482 226 2528 et
237 2466 392 2542 infinitum
404 2470 515 2526 bonum
528 2491 536 2527 .·
551 2466 669 2527 nullom
682 2467 762 2528 itlius
773 2471 874 2533 ratio-

103 2581 171 2620 nem
186 2557 336 2618 habuisti:
356 2559 497 2619 Avertisti
510 2558 628 2636 facicm
643 2571 728 2619 tuam
750 2562 791 2620 ab
808 2583 844 2625 eo
861 2587 882 2627 r·

102 2652 254 2730 projecisti
262 2672 330 2710 eom
340 2665 410 2725 post
420 2665 535 2732 tergum
548 2663 650 2713 tuom:
661 2657 874 2730 contempsisti

100 2746 270 2808 amicitiam
289 2745 455 2823 etgratiam
472 2748 548 2823 ejus.
564 2748 623 2809 Eia
632 2766 723 2826 crgo,
738 2747 813 2824 quia
823 2752 876 2826 of·
895 2748 898 2755 ’

98 2837 225 2917 [επᾶἰειί
245 2839 344 2896 Deum
359 2835 522 2896 bonitatem
536 2837 710 2919 infinitam,
729 2856 812 2899 nunc
827 2863 874 2905 ex

106 2930 271 2992 totocorde
287 2929 487 3005 reponimur:
503 2930 649 2993 detestare
663 2944 693 2991 et
704 2930 776 2992 odio
793 2928 877 2999 tcta
895 2944 899 2951 '

107 3044 197 3099 super
214 3026 319 3084 omnia
346 3022 432 3081 maio
453 3044 558 3083 omnes
580 3025 733 3100 injuriat,
759 3014 877 3102 quibus

109 3117 259 3177 immerito
278 3120 378 3179 Deum
394 3129 459 3175 tam
472 3117 588 3178 bonum
602 3116 732 3205 affecisti
745 3142 756 3178 .·
770 3141 878 3187 nome
