1956 3608
156 176 197 250 46
375 188 486 232 meurs
504 187 709 232 conressruu.

198 283 299 344 Dicere
307 290 404 342 autem
417 280 513 361 quod,
526 280 590 342 licei
600 282 666 360 quis
676 277 939 341 solismoriuorum

155 378 319 458 corporibus
326 374 494 436 maledicere
502 373 650 449 intendat,
660 393 714 434 nec
725 375 811 435 etiarn
821 393 837 433 a
849 372 938 454 culpa

155 473 235 548 gravi
250 471 377 530 excusari
395 478 511 548 potest,
536 479 648 549 propter
663 476 822 547 respectum
841 485 938 546 quem

156 563 281 625 Ecclesia
298 561 385 622 habet
399 582 553 642 corporum
563 571 759 636 mortuorum,
773 562 815 619 eis
829 562 940 621 incen-

157 677 222 716 sum
235 655 407 736 praebendo,
422 677 496 735 aqua
508 654 615 715 lustrali
625 652 817 734 aspergendo,
827 663 855 713 ei
867 674 939 716 cum
961 669 964 675 ’

158 768 264 830 pompa
276 748 448 830 sepeliendo.
467 745 570 810 Nescio
581 747 726 828 quomodo
736 750 802 827 quis
811 748 848 806 ob
860 747 939 811 hanc

158 847 298 905 rationem
311 842 342 904 id
355 843 476 904 suadere
490 843 544 903 sibi
561 845 658 923 possit.
680 840 754 902 Nolo
765 843 796 898 in
809 839 864 902 hoc
879 844 954 902 imv'

156 943 272 1001 murari.
288 940 390 1001 Paucis
406 958 451 998 me
464 935 636 1017 expediam,
650 947 680 996 et
691 936 757 997 dico
767 935 848 1015 quod
860 958 939 1017 prae-

157 1033 239 1095 dicta
261 1033 422 1094 functiones
443 1051 503 1091 uon
523 1041 591 1090 suut
609 1028 729 1110 quidem
745 1029 938 1093 exhibitiones

156 1121 280 1202 aiicujus
293 1123 386 1184 cultus
397 1122 518 1199 religiosi
531 1141 594 1199 erga
609 1142 724 1200 corpora
738 1130 936 1200 mortuorum,

157 1217 208 1279 sed
231 1227 344 1279 lanium
370 1215 504 1297 quiedam
527 1217 703 1276 caeremoniae
718 1234 791 1294 quas
809 1217 934 1279 Ecclesia

157 1315 244 1371 eiiam
260 1331 325 1389 erga
343 1313 475 1370 viventes
488 1307 614 1369 adhibet.
637 1308 668 1368 Si
683 1311 769 1385 igitur
782 1307 875 1370 honor
885 1314 953 1391 qui·

157 1405 193 1465 fit
209 1403 370 1479 defunctis,
389 1402 482 1481 major
497 1423 556 1464 non
571 1413 614 1464 est
625 1402 675 1462 iiio
690 1405 741 1482 qui
756 1404 833 1463 vivis
850 1404 935 1465 exhi-

158 1501 258 1578 betur,
270 1519 324 1560 nec
334 1497 506 1561 contumelia
516 1500 608 1575 major
618 1501 682 1556 erit.
693 1496 751 1558 Sed
761 1519 812 1559 cur
823 1499 934 1568 (subdit

72 1596 74 1601 ’
156 1591 299 1673 epistola)
328 1591 400 1669 leges
424 1593 540 1669 gravius
565 1594 690 1671 puniunt
714 1594 764 1671 qui
796 1591 934 1654 adversus

157 1685 299 1749 cadavera
323 1686 447 1747 saeuiunt
465 1682 478 1744 ?
495 1684 690 1764 Respondeo:
713 1689 857 1767 puniunt,
874 1707 934 1748 nou

158 1783 268 1842 rarione
292 1778 498 1853 contumeliae,
520 1776 574 1839 sed
595 1781 705 1838 ratione
725 1782 819 1861 iniqui
845 1782 934 1842 animi

160 1877 211 1953 qui
226 1875 256 1933 in
273 1871 321 1933 [aii
336 1875 446 1933 actione
459 1871 674 1947 imminuuntur,
689 1883 718 1933 ei
732 1872 891 1953 qui'adhuc
903 1877 934 1935 iu

158 1963 304 2025 occidente
314 1963 461 2023 infideiem
474 2005 484 2038 ‚
498 1972 548 2025 aui
560 1962 723 2025 haereticum
737 1985 754 2024 a
769 1963 828 2040 iege
841 1966 936 2027 mulc-

159 2064 247 2117 iaiur.
273 2055 410 2136 Alioquin
427 2057 451 2114 si
466 2053 518 2115 hoc
537 2065 612 2115 esset
630 2058 661 2117 iu
685 2072 715 2115 se
732 2058 826 2134 gravis
844 2056 935 2119 oada-

158 2171 260 2212 verum
277 2149 403 2227 injuria,
423 2147 554 2224 ejusdem
568 2150 696 2212 criminis
716 2157 809 2209 esseni
830 2153 869 2211 rei
884 2155 934 2232 qui
973 2164 977 2169 '

158 2243 197 2302 ob
210 2261 295 2300 usum
311 2242 463 2301 anatomia
477 2243 536 2320 ipsa
553 2238 685 2301 incidunt
696 2251 724 2300 et
735 2239 855 2302 laniant.
902 2243 907 2254 ‘

200 2334 341 2395 Gruterum
349 2332 379 2393 id
391 2331 467 2412 quod
476 2331 613 2407 concludo
625 2343 686 2409 esi,
702 2332 933 2399 maledictionem

159 2430 190 2489 in
205 2439 352 2503 mortuos,
368 2448 416 2509 per
427 2448 457 2488 sc
469 2427 630 2510 loquendo,
643 2448 697 2489 uec
708 2428 935 2508 biasphemiam,

158 2540 214 2582 nec
234 2522 347 2602 cuipam
371 2521 522 2583 mortalem
543 2539 615 2601 enee.
638 2521 675 2581 Ei
695 2523 834 2598 inienio,
857 2522 936 2604 quod

160 2623 217 2674 ires
236 2624 363 2676 auctores
387 2615 471 2694 (jam
495 2619 526 2676 in
546 2605 630 2697 opere
650 2616 748 2690 cilaii)
766 2619 817 2697 qui
835 2616 886 2679 soii
900 2617 936 2679 dc

161 2706 217 2769 hoc
241 2719 346 2789 puncto
376 2714 575 2792 scripseruniq
601 2706 679 2770 idem
704 2714 935 2790 pronuntiamui.

161 2803 320 2878 Praeterea,
333 2824 446 2885 egopm
459 2805 560 2880 majori
575 2823 645 2865 meae
659 2807 838 2869 conmercia
850 2827 936 2887 pace,

161 2895 198 2957 dc
211 2896 264 2958 hoc
277 2898 409 2977 piuribus
421 2896 512 2959 duciis
524 2900 595 2959 viria
608 2897 759 2980 Neapolim
773 2901 892 2980 scripsi,
905 2909 936 2962 ei

162 2991 249 3048 eiiam
268 2992 357 3051 tribus
370 2992 632 3069 congregationibus
646 2993 872 3074 presbyterorum
886 3013 934 3055 se-

164 3083 304 3147 cularium
321 3088 505 3149 missionibus
524 3085 724 3166 addictorum,
738 3090 787 3151 ubi
801 3088 855 3151 iios
868 3090 934 3154 cieri
